4842 6219
1714 826 1850 892 DE
1903 825 2169 892 ARTE
2216 824 2794 893 LOGISTICA.
3631 834 3712 899 37

882 1047 973 1121 In
1000 1046 1411 1145 partitione,
1442 1047 1759 1135 taudem,
1786 1045 2081 1146 majoris
2102 1046 2391 1123 numeri
2414 1073 2550 1147 per
2579 1047 2956 1135 minorem,
2987 1048 3416 1149 producitur
3445 1060 3710 1147 quotus

776 1204 1061 1279 semper
1092 1179 1370 1255 unitate
1400 1180 1686 1279 major3
1742 1191 1819 1255 et
1832 1180 2141 1280 ‘proprie
2170 1180 2319 1257 huc
2352 1192 2632 1279 spectat
2660 1179 2822 1256 haec
2851 1180 3172 1280 partitio.

876 1314 971 1389 In
1019 1312 1160 1389 hac
1197 1313 1492 1413 majoris
1538 1339 1673 1414 per
1720 1313 2076 1389 minorem
2124 1313 2537 1413 partitione,
2595 1325 2964 1413 spectatur
2997 1313 3188 1391 'situs
3238 1327 3314 1391 et
3356 1317 3701 1416 operatio,

774 1472 1085 1546 quorum
1134 1459 1441 1545 uterque
1488 1446 1751 1546 incipit
1793 1449 1838 1521 a
1878 1447 2079 1534 1111νᾶ,
2124 1447 2582 1522 dextrorsum
2621 1449 2948 1523 tendens.
3027 1448 3250 1525 Situs
3291 1450 3704 1549 aptissimus

772 1593 903 1669 est,
962 1593 1051 1657 ut
1106 1581 1468 1656 sinistimu
1518 1580 1895 1681 partitoris
1946 1580 2184 1679 figura
2232 1582 2369 1657 sub
2423 1580 2780 1656 sinistima
2828 1580 3200 1680 partiendi
3259 1588 3345 1657 ea
3395 1583 3698 1672 minore,

774 1728 903 1791 aut
936 1727 1105 1791 aute
1136 1715 1571 1790 sinistimam
1612 1713 1982 1815 partiendi
2014 1718 2099 1789 ea
2128 1716 2501 1813 majorem,
2561 1714 3062 1803 constituatur,
3119 1716 3399 1791 caeteris
3449 1718 3702 1817 figuris

772 1848 1029 1923 ordine
1103 1850 1563 1925 dextrorsum
1636 1847 2124 1945 sequentibus,
2203 1858 2368 1946 post
2445 1872 2754 1946 quarum
2821 1847 3218 1923 dextimam
3285 1849 3700 1925 immediate

768 1983 1077 2082 incipiat
1106 1982 1581 2082 parenthesis,
1636 1992 1859 2079 quoto
1892 1980 2245 2079 capiendo
2278 1980 2641 2055 destinata
2667 2010 2689 2072 3
2745 1992 2820 2055 et
2851 1982 2988 2059 sub
3021 1981 3356 2058 omnibus
3389 1982 3701 2057 ducatur

769 2118 985 2193 111163..

868 2250 1339 2351 operationis
1374 2260 1687 2348 quatuor
1718 2262 1888 2325 sunt
1919 2261 2303 2349 praecepta.

865 2384 1217 2472 Primum,
1272 2394 1357 2458 ut
1406 2383 1795 2484 diligenter
1832 2384 2279 2481 exquiratur,
2326 2383 2609 2481 quoties
2653 2383 2964 2483 partitor
2997 2385 3306 2461 subduci
3336 2396 3572 2484 potest
3602 2387 3696 2460 ab

766 2518 871 2595 eis
918 2542 1421 2617 supremarum
1469 2517 1872 2617 figurarum
1922 2516 2317 2605 3111131111113,
2370 2544 2536 2617 quas
2585 2541 2811 2616 supra
2851 2542 3160 2593 vacuum
3191 2518 3400 2617 quoti
3429 2518 3689 2607 locum,

762 2650 1181 2751 parenthesi
1235 2651 1667 2750 proximum,
1728 2650 2259 2727 terminantur:
2336 2655 2644 2749 sumpta,
2703 2651 3150 2750 plerumque,
3211 2649 3430 2749 hujus
3490 2652 3694 2749 quoti

766 2788 1194 2884 conjectura,
1274 2810 1368 2860 ex
1432 2784 1687 2884 primis
1755 2785 1852 2859 ad
1916 2786 2189 2883 primas
2254 2784 2564 2876 relatis;
2654 2783 2942 2873 deinde,
3021 2796 3106 2859 ut
3185 2784 3422 2884 figura
3495 2784 3694 2860 hunc

764 2929 1068 3016 quotum
1122 2929 1404 3005 notans,
1466 2917 1818 3016 proximo,
1874 2928 2039 3017 post
2094 2916 2520 3016 partitorem
2577 2928 2653 2992 et
2706 2916 3194 3015 parenthesin,
3252 2942 3480 2991 vacuo
3533 2918 3692 2993 loco

764 3051 1263 3128 constituatur.

862 3187 1299 3274 Secundum,
1354 3197 1439 3261 ut
1488 3197 1683 3262 totus
1734 3185 2064 3285 partitor,
2121 3185 2200 3259 in
2258 3183 2454 3260 113116
2507 3186 2819 3284 figuram
2875 3185 3081 3284 quoti
3135 3211 3386 3260 recens
3447 3185 3690 3285 acqui-

760 3321 998 3408 sitam,
1060 3320 1603 3419 multiplicetur,
1666 3331 1741 3394 et
1794 3317 2211 3416 multiplum
2270 3344 2401 3393 suo
2461 3316 2709 3394 debito
2763 3317 2944 3405 1060,
3005 3343 3140 3418 per
3181 3345 3340 3419 cap.
3385 3325 3459 3406 8,
3521 3344 3688 3395 6011-

760 3453 1127 3530 stituatur.

859 3587 1221 3674 Tertium,
1283 3599 1367 3663 ut
1421 3586 1563 3662 hoc
1618 3613 1869 3662 recens
1920 3586 2357 3686 multiplum,
2420 3613 2514 3662 ex
2565 3586 2919 3685 supremis
2975 3586 3230 3687 figuris
3287 3586 3358 3662 ei
3415 3587 3688 3664 directe

758 3720 1249 3820 superpositis,
1302 3719 1835 3809 substrahatur,
1882 3731 2103 3818 atque
2141 3719 2397 3796 delet-is
2437 3719 2660 3796 etiam
2709 3719 2986 3820 figuris,
3035 3731 3112 3796 et
3143 3719 3565 3796 substractis
3613 3733 3688 3796 et

756 3881 845 3930 ex
886 3854 1151 3954 quibus
1194 3853 1780 3942 substrahuntur,
1826 3864 2384 3953 supernotantur
2420 3854 2754 3943 residuae,
2794 3879 2930 3954 per
2969 3879 3128 3954 cap.
3171 3863 3222 3930 2
3257 3853 3498 3954 hujus.

856 3989 1249 4079 Quartum,
1296 3999 1381 4063 ut
1418 3999 1843 4087 repetantur
1874 3987 1993 4062 hae
2034 3999 2183 4064 tres
2226 3988 2700 4087 operationes,
2755 4013 2986 4087 usque
3017 4013 3166 4087 quo
3197 3999 3429 4064 totum
3460 3988 3684 4086 parti-

753 4123 1023 4198 endum
1054 4123 1403 4210 deleatur,
1441 4133 1517 4198 et
1546 4121 1861 4210 residua,
1898 4147 2027 4196 seu
2056 4121 2407 4220 reliquiae,
2439 4133 2568 4197 aut
2587 4121 2811 4198 nullm
2833 4132 2964 4198 aut
2984 4120 3337 4220 partitore
3365 4121 3682 4200 minores

750 4257 1127 4356 prodeant,
1182 4257 1505 4354 dumque
1536 4255 1759 4332 etiam
1788 4255 1993 4330 nulla
2024 4254 2229 4353 quoti
2261 4255 2444 4341 loca,
2497 4281 2728 4352 usque
2757 4254 2839 4329 iu
2872 4253 3267 4329 dextimam
3315 4255 3680 4353 partiendi

750 4389 1083 4488 figuram,
1120 4415 1357 4466 vacua
1401 4388 1956 4486 relinquantur3
2020 4397 2239 4484 atque
2288 4387 2605 4474 tandem,
2657 4397 2824 4484 post
2869 4397 3172 4485 quotum
3223 4388 3679 4465 dextrorsum

750 4523 1059 4599 ducatur
1089 4522 1304 4611 linea,
1340 4523 1463 4598 cui
1498 4519 1965 4621 superpositae
1996 4519 2347 4618 reliquiae,
2382 4531 2458 4596 et
2490 4517 2904 4620 suppositus
2936 4519 3228 4608 divisor,
3259 4520 3464 4618 quoti
3487 4521 3678 4622 frag·

748 4667 997 4732 menta
1026 4656 1307 4732 unitate
1340 4657 1811 4732 denotabunt.

1018 4881 1027 4888 .
1153 4789 1493 4889 Exempli
1522 4787 1811 4888 gratiat
1866 4787 2031 4864 Sint
2072 4785 2441 4888 partiendi
2485 4785 2639 4862 dies
2685 4787 2860 4862 anni
2903 4787 3294 4865 bissextilis
3327 4787 3498 4876 366,
3543 4813 3676 4888 per

1050 4923 1205 4998 dies
1248 4922 1723 4999 hebdomadis
1766 4933 1839 5012 7,
1890 4933 1973 4998 ut
2012 4921 2285 4998 sciatur
2328 4933 2506 5020 quot
2555 4919 2702 4996 sint
2741 4921 2823 4997 in
2865 4947 3058 4998 anno
3097 4921 3454 4999 bissextili
3501 4921 3672 4998 11611-
