4842 6219
1684 832 1821 899 DE
1870 832 2139 900 ARTE
2186 832 2761 901 LOGISTICA.
3607 838 3686 903 17

1902 1164 2318 1249 CAPUT
2385 1166 2548 1251 VI.

1018 1380 1137 1441 DE
1180 1382 1925 1453 QUANTITATIBUS
1968 1384 2688 1453 ABUNDANTIBUS
2731 1386 2848 1447 ET
2891 1382 3438 1445 DEFECTIVIS.

864 1572 1293 1647 HACTENUS
1327 1572 1895 1670 computationes
1929 1576 2421 1672 quantitatum
2463 1576 2544 1651 in
2587 1534 2852 1676 genere
2882 1606 2904 1666 3
2963 1584 3364 1671 sequuntur
3397 1598 3692 1647 suarum

764 1730 1187 1801 specierum.

864 1973 1137 2059 Prime‚
1174 1998 1371 2071 erge,
1409 1974 1849 2071 quantitates
1882 1988 2011 2051 aut
2042 1986 2215 2051 sunt
2247 1977 2726 2062 abundantes,
2766 1985 2896 2049 aut
2927 1972 3318 2049 defectivae.

867 2106 1351 2181 Abundantes
1402 2117 1572 2180 sunt
1622 2108 2059 2204 quantitates
2103 2110 2411 2206 majores
2457 2106 2712 2194 nihile,
2771 2117 2846 2181 et
2896 2116 3366 2205 augmentum
3415 2130 3566 2202 prae
3617 2130 3693 2177 se

766 2244 1029 2315 ferunt.
1646 2220 1653 2227 ⁶

870 2374 1034 2459 Hae,
1074 2384 1201 2446 aut
1231 2372 1453 2459 nulle,
1494 2382 1621 2446 aut
1652 2373 1793 2447 hee
1825 2372 2032 2472 signe
2066 2382 2175 2467 -Ι-,
2224 2374 2424 2470 qued
2456 2374 2720 2473 copula
2756 2372 3132 2472 augmenti
3175 2371 3466 2457 dieitur,
3515 2396 3693 2466 prae-

764 2516 1135 2581 notantur.

1168 2638 1279 2712 Ut
1330 2638 1394 2710 si
1442 2638 1631 2711 nihil
1680 2638 2007 2715 debentis
2062 2664 2233 2737 opes
2282 2640 2731 2716 aestimentur
2778 2648 2923 2715 100
2973 2650 3480 2716 coronatorum
3510 2668 3532 2729 3
3595 2664 3696 2713 eae

1066 2782 1195 2844 aut
1219 2770 1345 2859 sie,
1374 2779 1523 2846 100
1546 2798 1716 2859 cer„
1746 2783 1877 2847 aut
1908 2772 2034 2860 sie,
2066 2781 2303 2865 ÷100
2328 2799 2498 2861 cer„
2529 2784 3027 2873 praenotantur
3054 2804 3076 2865 ;
3137 2784 3210 2847 et
3243 2771 3348 2846 sie
3379 2796 3694 2871 prenun-

1066 2904 1365 2991 uantur,
1424 2916 1653 2980 auetae
1698 2916 1989 2981 eentum
2034 2906 2413 2994 coronatis
2471 2906 2928 2981 eemmedum
2975 2930 3258 3002 semper
3297 2916 3372 2980 et
3409 2906 3695 2979 lucrum

1068 3037 1565 3136 significando.

876 3305 1167 3382 Harum
1222 3307 1791 3405 computationes
1846 3317 1997 3381 tam
2054 3333 2147 3381 ex
2200 3307 2590 3405 praemissis
2644 3310 2861 3405 quam
2913 3305 3516 3406 subsequentibus
3567 3308 3694 3383 ha-

774 3443 1062 3514 bentur.

874 3573 1275 3648 Defectivae
1328 3584 1498 3648 sunt
1554 3573 1995 3671 quantitates
2050 3573 2369 3648 minores
2425 3574 2680 3663 nihile,
2743 3586 2818 3650 et
2873 3574 3352 3650 minutionem
3409 3602 3564 3675 prae
3621 3603 3696 3650 se

776 3709 1039 3782 fenint.

878 3842 1047 3929 Hae,
1108 3867 1391 3939 semper
1442 3841 1582 3916 hee
1630 3841 1839 3940 signe
1871 3891 1992 3930 —,
2039 3843 2237 3939 qued
2284 3841 2711 3918 minutionis
2766 3843 3028 3940 copula
3078 3841 3370 3929 dieitur,
3427 3867 3698 3940 praene-

776 3985 1047 4049 tantur.

1176 4109 1285 4184 Ut
1338 4109 1403 4182 si
1454 4111 1608 4206 ejus
1662 4133 1833 4207 opes
1876 4109 2324 4184 aestimentur
2368 4110 2574 4207 eujus
2619 4110 2868 4184 debita
2917 4110 3278 4185 exeedunt
3317 4110 3511 4183 bena
3559 4117 3702 4185 100

1082 4241 1461 4329 eerenatis,
1496 4242 1758 4317 merite
1790 4245 1853 4340 ej
1861 4268 1944 4316 us
1978 4267 2147 4340 opes
2182 4244 2287 4316 sie
2319 4253 2841 4339 praenetantur,
2877 4250 3130 4317 -100
3162 4241 3572 4335 cerenati33
3629 4254 3702 4316 et

1080 4377 1186 4451 sie
1216 4375 1801 4474 pronuntiantur,
1849 4373 2151 4449 minutae
2185 4386 2477 4485 eentum
2510 4374 2890 4462 eoronatis,
2937 4377 3284 4450 damnum
3317 4400 3598 4473 semper
3629 4388 3703 4449 et

1076 4509 1439 4586 defectum
1472 4507 1967 4606 significando.

880 4775 1429 4852 Defectivarum
1472 4789 1711 4852 ertum
1756 4787 1831 4851 et
1874 4775 2226 4874 originem
2272 4773 2602 4872 superius
2644 4800 2737 4849 ex
2777 4775 3302 4852 substractione
3334 4774 3627 4874 majoris
3661 4775 3702 4845 ὲ

778 4907 1057 4984 minere
1089 4911 1469 5008 prevenire
1501 4909 1968 4986 ostendimus.

2225 5066 2267 5115 c
