4842 6219
1734 893 1869 957 DE
1919 893 2183 959 ARTE
2231 891 2798 960 LOGISTICA.
3677 899 3718 957 9

1104 1107 1336 1203 prima
1376 1109 1766 1207 partitione
1808 1110 1992 1185 fiunt
2042 1110 2155 1197 16,
2212 1111 2524 1185 secunda
2559 1116 2626 1195 8,
2677 1107 2890 1183 tertia
2921 1116 2993 1194 4,
3047 1110 3304 1202 quarta
3333 1114 3406 1193 2,
3465 1108 3717 1204 quinta

1109 1238 1421 1336 denique
1458 1249 1495 1314 1
1532 1270 1549 1313 ε
1609 1239 1858 1338 Atque
1892 1242 2117 1340 igitur
2146 1243 2408 1317 horum
2439 1252 2488 1315 5
2523 1252 2692 1315 sunt
2723 1240 2964 1326 index⁹
3010 1250 3084 1313 et
3115 1246 3166 1313 2
3198 1249 3366 1314 sunt
3397 1240 3629 1314 radix.

913 1500 1117 1575 Ortae
1161 1512 1401 1575 autem
1444 1528 1535 1577 ex
1577 1504 1813 1601 primo
1863 1505 2038 1578 ortis
2085 1516 2212 1579 aut
2254 1516 2424 1579 sunt
2465 1504 2800 1579 radicalis
2850 1502 3356 1600 multiplicatio
3405 1528 3496 1577 ex
3549 1527 3711 1576 con·
3807 1613 3812 1617 .

810 1630 1086 1705 tinuata
1132 1633 1779 1730 multiplicatione3
1840 1646 1967 1709 aut
2016 1634 2353 1709 radicalis
2402 1635 2722 1733 partitio,
2771 1645 2844 1707 et
2887 1633 3154 1707 radicis
3203 1634 3572 1721 extractiO,
3623 1660 3713 1709 ex

807 1762 1222 1835 continuata
1250 1764 1659 1861 partitione.

910 2026 1339 2099 RAchHs
1376 2026 2010 2100 MULTn’LICA'rlo
2046 2040 2155 2102 est
2186 2028 2452 2103 radicis
2485 2030 2746 2102 oblatae
2776 2028 2988 2103 toties
3021 2029 3442 2103 continuata
3470 2032 3710 2104 multi-

803 2156 1099 2253 plicatio
1130 2157 1408 2253 quoties
1440 2169 1549 2231 est
1580 2157 1659 2229 in
1691 2156 1931 2231 indice
1963 2159 2202 2233 unitas
2232 2190 2253 2249 ;
2310 2170 2383 2232 et
2414 2160 2838 2256 producitur
2868 2158 3273 2234 radicatum
3305 2161 3707 2257 quaesitum.

1198 2292 1309 2365 Ut
1353 2290 1694 2364 dicuntur
1736 2299 1785 2364 2
1828 2292 2245 2366 radicaliter
2284 2291 2757 2390 multiplicari
2809 2302 2942 2379 ter,
3007 2318 3172 2367 cum
3227 2298 3274 2365 8
3327 2292 3498 2367 inde
3549 2320 3708 2391 pro-

1102 2423 1489 2507 ducuntur,
1552 2422 1729 2516 quia
1783 2422 2142 2496 ternarius
2195 2424 2417 2497 index
2471 2433 2616 2496 tres
2672 2423 2982 2497 unitates
3041 2421 3409 2516 continet3
3485 2436 3560 2499 et
3615 2451 3706 2499 ex

1100 2554 1333 2651 prima
1383 2556 1475 2627 ab
1528 2554 1805 2627 unitate
1857 2554 2456 2653 multiplicatione
2507 2555 2691 2629 fiunt
2744 2564 2814 2643 2,
2873 2558 3185 2631 secunda
3236 2564 3308 2643 4,
3371 2557 3583 2631 tertia
3633 2566 3704 2643 8,

1098 2710 1259 2781 quae
1292 2684 1585 2781 quidem
1620 2697 1788 2760 sunt
1820 2686 2225 2762 radicatum
2258 2686 2661 2784 quaesitum.

902 2946 1272 3021 Radicalis
1326 2949 1943 3047 multiplicationis
1998 2950 2269 3047 species
2310 2950 2616 3023 infinitae
2657 2959 2874 3022 sunt:
2932 2948 3040 3021 Ut
3081 2946 3496 3045 duplicatio,
3543 2974 3704 3046 quae

800 3087 907 3152 est
937 3078 1444 3177 multiplicatio
1474 3081 1785 3156 duorum
1808 3080 2199 3177 aequalium
2232 3080 2563 3167 invicem,
2597 3090 2724 3154 aut
2756 3080 2943 3154 datae
2974 3078 3088 3153 bis
3119 3077 3420 3178 positae3
3474 3078 3703 3178 tripli-

798 3211 1005 3296 catio,
1046 3235 1207 3308 quae
1240 3222 1348 3286 est
1380 3215 1569 3288 datae
1601 3225 1713 3288 ter
1742 3214 2015 3311 positae,
2054 3225 2180 3288 aut
2212 3213 2436 3288 trium
2465 3213 2858 3310 aequalium
2889 3213 3098 3286 datae.

900 3342 993 3414 In
1044 3343 1159 3416 his
1212 3343 1539 3418 radicata
1590 3345 1932 3419 dicuntur
1985 3345 2454 3443 duplicatum,
2503 3344 2964 3443 triplicatum,
3015 3342 3693 3442 quadruplicatum:

800 3472 1379 3562 Indices,—duo,
1417 3476 1581 3562 tria,
1620 3487 1977 3574 quatuor:
2038 3475 2896 3574 Radices,--bipartiens‚
2933 3474 3372 3572 tripartiens,
3409 3476 3700 3572 quadri-

794 3604 1134 3700 partiens.

1194 3739 1305 3812 Ut
1335 3737 1569 3835 posito
1600 3738 1885 3813 binario
1916 3763 2048 3836 pro
2078 3736 2344 3825 radice,
2372 3748 2447 3813 et
2477 3738 2761 3813 binario
2793 3763 2926 3837 pro
2957 3738 3216 3826 indice,
3244 3737 3402 3813 bini
3431 3739 3700 3813 binarii

1088 3870 1363 3944 faciunt
1405 3854 1473 3944 4'
1497 3870 1990 3968 duplicatum:
2048 3870 2148 3944 Et
2192 3870 2434 3944 indice
2477 3871 2794 3944 ternario
2832 3870 3134 3945 totidem
3171 3869 3371 3957 bina,
3425 3868 3698 3943 scilicet

1086 4001 1197 4075 bis
1257 4003 1403 4076 duo
1456 4002 1633 4076 bina
1688 4002 2005 4076 efficiunt
2065 4008 2112 4075 8
2172 4002 2614 4100 triplicatum
2641 4029 2664 4075 ι
2745 4001 2864 4075 Sic
2929 4001 3168 4074 indice
3234 3998 3694 4097 quaternario

1089 4135 1389 4208 totidem
1446 4134 1640 4223 bina,
1706 4135 1979 4210 scilicet
2029 4135 2141 4210 bis
2196 4136 2341 4209 duo
2398 4135 2576 4209 bina
2624 4132 2736 4208 bis
2794 4132 3070 4208 faciunt
3130 4129 3222 4207 16
3281 4131 3694 4228 quadrupli-

1086 4276 1349 4340 catum.
1452 4267 1552 4341 Et
1610 4266 1717 4340 ita
1771 4267 1851 4339 in
1906 4267 2271 4341 infinitum
2328 4266 2561 4362 posito
2617 4265 2899 4339 binario
2955 4289 3090 4362 pro
3145 4261 3412 4350 radice,
3475 4270 3559 4336 ut
3614 4262 3694 4338 in

1088 4409 1429 4494 sequente
1462 4400 1745 4486 tabella,
1800 4401 2003 4498 cujus
2046 4399 2245 4497 prior
2294 4400 2514 4472 series
2565 4407 2674 4471 est
2721 4396 3068 4482 indicum,
3111 4391 3462 4492 posterior
3501 4393 3692 4468 radi·

1084 4540 1426 4606 catorum.

1366 4797 1429 4870 Ι.
1534 4797 1643 4870 ΙΙ.
1748 4797 1902 4878 ΙΙΙ.
2008 4795 2205 4870 IIII.
2308 4795 2406 4869 V.
2511 4793 2653 4870 VI.
2756 4792 2944 4869 VII.
3009 4795 3134 4865 διο.

1192 4935 1255 5000 1.
1360 4935 1430 5000 2.
1552 4937 1623 5002 4.
1798 4936 1867 5002 8.
2052 4926 2165 5003 16.
2302 4933 2421 5000 82.
2527 4924 2645 5000 64.
2778 4931 2945 4999 128.
3009 4925 3134 4998 διο.

2206 5084 2251 5132 Β
