4842 6219
1670 868 1803 933 DE
1856 869 2119 936 ARTE
2168 869 2740 937 LOGISTICA.
3587 872 3678 933 25·

846 1072 1292 1175 Partiuntur,
1331 1098 1596 1176 autem,
1634 1089 2061 1165 invertendo
2094 1091 2441 1167 terminos
2475 1090 2829 1178 divisoris,
2879 1101 2952 1165 et
2985 1092 3306 1165 inversos
3339 1113 3470 1186 per
3501 1112 3664 1186 par-

742 1220 1069 1295 tiendum
1100 1220 1651 1319 multiplicando
1683 1223 2097 1299 omnimodo
2128 1234 2211 1298 ut
2244 1224 2575 1323 superius
2607 1224 2686 1299 in
2719 1223 3344 1322 multiplicatione.

1136 1356 1242 1430 Ut
1274 1354 1421 1429 sint
1451 1358 1557 1457 1⁵6
1586 1356 1971 1453 penultimi
2002 1356 2314 1456 exempli
2345 1358 2747 1454 partiendae
2779 1382 2912 1455 per
2941 1360 3038 1457 ἧς
3086 1358 3304 1455 hujus
3331 1354 3663 1430 divisoris

1036 1489 1317 1563 inverte
1348 1489 1716 1576 terminos,
1760 1500 1835 1563 et
1867 1488 2045 1564 fient
2076 1494 2147 1590 ᾖ,
2192 1516 2357 1587 quae
2389 1515 2522 1588 per
2551 1493 2656 1591 ἧς
2685 1490 3186 1588 multiplicatae
3219 1489 3394 1563 fient
3425 1486 3662 1586 primo

1033 1645 1168 1719 per
1192 1621 1801 1697 abbreviationem
1834 1625 1939 1724 71¹6
1968 1626 2041 1725 ff,
2073 1624 2335 1698 deinde
2366 1625 2420 1723 -ὲ
2443 1628 2516 1725 ξ,
2547 1624 2808 1697 deinde
2833 1647 2966 1720 per
2987 1621 3658 1720 multiplicationem

1036 1754 1487 1852 superiorum
1519 1754 1851 1843 invicem,
1902 1767 1977 1831 et
2008 1756 2432 1831 inferiorum
2465 1756 2794 1844 invicem,
2843 1757 3021 1830 fient
3051 1760 3123 1857 ἓ,
3163 1764 3426 1852 quotus
3460 1766 3658 1852 opta-

1034 1900 1173 1973 tus,
1212 1898 1287 1961 et
1318 1888 1709 1986 superioris
1744 1888 2365 1987 multiplicationis
2400 1915 2726 1964 examen.

838 2152 1214 2227 Extractio
1246 2163 1490 2228 autem
1522 2154 1606 2227 fit
1638 2153 2085 2227 extrahendo
2110 2152 2506 2228 indicatam
2537 2152 2859 2228 radicem
2893 2163 3044 2227 tam
3076 2179 3169 2226 ex
3197 2164 3658 2227 numeratore

733 2287 951 2383 quam
985 2311 1075 2358 ex
1110 2286 1671 2374 denominatore,
1724 2287 1873 2361 sive
1906 2312 1997 2360 ex
2030 2287 2582 2385 quibuscunque
2615 2268 2942 2361 terminis
2977 2287 3297 2385 ejusdem
3329 2284 3652 2371 rationiS,

733 2429 805 2491 et
836 2419 1017 2493 fient
1046 2417 1313 2493 radicis
1348 2418 1669 2516 quaesitae
1702 2418 2017 2493 termini.

1130 2552 1239 2626 Ut
1272 2552 1369 2625 sit
1400 2552 1849 2626 extrahenda
1878 2552 2093 2626 radix
2116 2552 2516 2651 bipartiens
2541 2579 2633 2627 ex
2655 2552 3003 2629 fractione
3037 2554 3182 2653 ᾗῇ
3229 2551 3656 2626 extrahatur

1026 2684 1239 2759 radix
1270 2684 1669 2783 bipartiens
1710 2684 1825 2773 16,
1875 2698 2125 2783 estque
2158 2696 2259 2779 43
2316 2688 2490 2761 inde
2533 2686 2748 2762 radix
2790 2686 3188 2785 bipartiens
3231 2694 3352 2773 25,
3402 2696 3652 2783 estque

1026 2826 1074 2890 5
1105 2848 1127 2908 ;
1182 2844 1274 2891 ex
1310 2817 1439 2892 illo
1482 2819 1569 2891 fit
1609 2829 2027 2893 numerator
2069 2828 2141 2905 4«,
2200 2845 2291 2893 ex
2338 2820 2479 2893 hoc
2529 2820 3029 2894 denominator
3073 2828 3144 2905 5,
3192 2819 3334 2893 hoc
3367 2817 3533 2905 situ,
3571 2822 3644 2917 ξι,

1024 2950 1237 3025 radix
1268 2950 1667 3049 bipartiens
1702 2952 1802 3052 {g
1833 2961 2102 3049 optata.
2183 2952 2371 3027 Item
2407 2952 2503 3025 sit
2535 2951 2983 3026 extrahenda
3013 2950 3224 3024 radix
3247 2949 3648 3048 bipartiens

1022 3109 1112 3158 ex
1130 3086 1205 3185 ξ,
1230 3111 1378 3172 seu,
1404 3086 1601 3184 quod
1624 3084 1881 3160 melius
1908 3095 2036 3172 est,
2066 3111 2158 3160 ex
2180 3086 2319 3186 ᾗῇ
2365 3096 2638 3184 quanto
2663 3084 2857 3159 enim
2879 3086 3188 3182 majores
3221 3094 3391 3158 sunt
3423 3108 3646 3181 quan-

1024 3219 1268 3293 titates
1294 3221 1617 3318 ejusdem
1638 3219 1963 3306 rationis,
1995 3230 2198 3293 tanto
2222 3219 2618 3293 exactiores
2643 3229 2812 3293 sunt
2837 3219 3139 3305 radices,
3161 3217 3307 3292 nisi
3329 3217 3646 3316 perfecte

1020 3352 1517 3428 extrahantur.
1606 3323 1931 3426 Extrahe
1965 3377 2139 3451 ergo
2170 3351 2492 3428 radicem
2523 3350 3035 3450 bipartientem
3069 3353 3108 3425 ὲ
3143 3359 3264 3438 48,
3303 3377 3466 3448 quae
3497 3376 3645 3424 non

1020 3485 1383 3577 habetur3
1446 3511 1619 3585 ergo
1664 3487 1705 3560 ὲ
1748 3493 1871 3573 49,
1929 3495 2005 3560 et
2056 3511 2145 3560 ea
2196 3486 2335 3560 erit
2377 3496 2429 3574 7
2459 3517 2480 3578 ;
2545 3485 2650 3560 sic
2693 3487 2734 3560 ὲ
2781 3485 2878 3560 64
2921 3485 3349 3560 extrahatur
3391 3485 3644 3560 eadem

1020 3618 1253 3705 radix,
1302 3629 1551 3717 estque
1586 3626 1632 3693 8
1662 3649 1684 3710 3
1752 3629 1919 3693 sunt
1964 3644 2136 3718 ergo
2180 3621 2234 3720 ᾗ
2272 3619 2486 3693 radix
2531 3618 2930 3716 bipartiens
2973 3621 3045 3718 ff,
3090 3619 3380 3694 veritati
3424 3621 3641 3716 quam

1022 3775 1375 3849 proxima.

823 4017 1211 4093 Radicales
1263 4017 1917 4116 multiplicationes,
1982 4030 2056 4093 et
2111 4019 2558 4118 partitiones,
2617 4032 2690 4096 et
2745 4019 3073 4119 regulam
3127 4017 3633 4117 proportioniS,

718 4151 897 4248 quia
932 4151 1124 4226 nihil
1164 4151 1367 4226 aliud
1410 4161 1580 4226 sunt
1624 4154 1840 4249 quam
1881 4151 2516 4250 multiplicationes
2560 4164 2634 4227 et
2675 4153 3098 4251 partitiones
3143 4149 3489 4248 repetitae,
3539 4151 3636 4224 ad

720 4283 1093 4382 praemissa
1123 4283 1523 4371 referimus,
1560 4309 1651 4358 ex
1682 4283 1945 4381 quibus
1978 4283 2187 4359 facile
2218 4285 2603 4359 habentur.

818 4549 1214 4648 Completis
1272 4549 1925 4649 computationibus
1982 4549 2119 4638 his,
2175 4549 2641 4625 restituendae
2699 4561 2868 4624 sunt
2924 4549 3307 4624 fractiones
3359 4549 3628 4638 mixtae,

712 4709 1027 4781 quarum
1069 4683 1342 4758 scilieet
1382 4694 1803 4759 numerator
1844 4685 2130 4760 excedit
2172 4684 2810 4770 denominatorem,
2859 4684 2954 4757 ad
2997 4709 3162 4757 suas
3205 4683 3524 4783 integras
3557 4696 3634 4760 et

712 4816 1119 4892 fractiones.
1222 4817 1345 4892 Fit
1389 4829 1629 4892 autem
1662 4816 2026 4892 restitutio
2059 4791 2237 4906 haec,
2274 4816 2656 4916 partiendo
2687 4828 3219 4892 numeratorem
3249 4843 3383 4916 per
3415 4820 3631 4893 deno-

707 4949 1161 5038 minatorem,
1199 4961 1273 5026 et
1306 4963 1623 5050 emerget
1656 4951 1735 5025 in
1770 4950 2137 5049 quotiente
2172 4951 2458 5050 integra
2489 4951 2879 5048 quantitas,
2929 4962 3004 5025 et
3044 4925 3374 5050 reliquiae
3417 4965 3630 5029 erunt

2144 5111 2196 5158 n
