4842 6219
1699 904 1835 970 DE
1887 904 2152 973 ARTE
2201 904 2774 974 LOGISTICA.
3612 910 3695 977 47

1067 1122 1390 1211 367500,
1436 1130 1650 1209 1050,
1687 1135 1762 1197 et
1801 1132 1838 1199 1
1872 1155 1893 1216 ;
1947 1124 2212 1221 quibus
2245 1124 2537 1212 additis,
2572 1126 2749 1201 fient
2780 1132 3199 1212 43243551,
3244 1125 3689 1226 triplicatum

1069 1254 1456 1351 quaesitum
1486 1255 1754 1331 radicis
1787 1256 2048 1333 oblatae
2079 1264 2174 1333 35
2187 1266 2250 1331 1.

869 1520 1054 1597 Sunt
1103 1530 1178 1593 et
1227 1518 1943 1619 quadruplicationis,
1997 1521 2689 1622 quintuplicationis,
2732 1521 3369 1619 sextuplicationis,
3409 1532 3484 1595 et
3516 1520 3688 1595 alia-

769 1676 932 1725 rum
981 1651 1408 1726 radicalium
1457 1651 2164 1755 multiplicationum,
2220 1654 2689 1753 particulares
2737 1678 2993 1753 praxes
3036 1654 3134 1727 ad
3170 1652 3685 1728 inveniendum

767 1783 1172 1858 radicatum
1203 1782 1466 1858 indicis
1501 1786 1868 1881 cujusque.
1955 1785 2099 1859 Sed
2132 1786 2308 1884 quia
2339 1796 2497 1859 tum
2528 1787 2785 1860 modus
2816 1793 2948 1883 pei·
2980 1784 3473 1859 continuatam
3504 1786 3686 1859 mul-

766 1914 1287 2014 tiplicationem
1321 1914 1553 2015 prima
1585 1916 1897 1991 sectione
1931 1917 2331 2017 descriptus
2363 1916 2721 2017 generalis
2756 1928 2884 2004 est,
2922 1927 2997 1991 et
3028 1916 3203 1991 satis
3236 1916 3489 2004 facilia
3527 1929 3684 1991 tum

765 2074 854 2123 ex
905 2074 1246 2124 converso
1293 2049 1712 2148 regularum
1759 2050 2287 2127 extractionum
2326 2051 2581 2127 haberi
2615 2063 2914 2151 possunt
2944 2076 3189 2125 omnes
3222 2050 3337 2125 hae
3373 2050 3683 2149 particu-

763 2182 950 2255 lares
985 2207 1264 2280 praxes,
1302 2182 1435 2255 has
1469 2181 1633 2257 ideo
1666 2183 1805 2256 hoc
1835 2183 1994 2257 loco
2027 2183 2667 2283 praetermittimus.

863 2314 1286 2389 Partitionis
1333 2314 1554 2389 etiam
1603 2316 1850 2413 praxis
1893 2342 1985 2389 ex
2027 2316 2185 2414 ipsa
2225 2317 2549 2415 ejusdem
2592 2315 3009 2391 definitione
3048 2326 3269 2415 patet.
3374 2316 3455 2391 Si
3488 2317 3683 2391 enim

760 2447 1165 2522 radicatum
1196 2473 1330 2545 per
1360 2446 1682 2521 radicem
1711 2446 1790 2521 in
1823 2447 2178 2523 unitatem
2221 2474 2449 2547 usque
2492 2447 2803 2547 partitus
2846 2448 3091 2535 fueriS,
3145 2474 3489 2523 numerus
3520 2474 3682 2547 par-

761 2580 1102 2656 titionum
1133 2591 1244 2655 est
1276 2578 1614 2654 radicalis
1650 2590 1934 2677 quotus,
1973 2606 2102 2655 seu
2133 2580 2355 2655 index
2389 2580 2756 2679 quaesitus.

1155 2712 1267 2787 Ut
1301 2711 1451 2786 sint
1483 2720 1732 2787 55225
1767 2711 2174 2787 radicatum
2208 2712 2681 2787 dividendum
2710 2738 2845 2811 per
2876 2712 3198 2787 radicem
3230 2720 3401 2801 235,
3456 2740 3680 2789 emer-

1051 2855 1174 2943 get
1205 2844 1487 2942 primus
1521 2856 1782 2942 quotus
1816 2850 1986 2931 235,
2025 2844 2288 2942 quibus
2319 2870 2453 2943 per
2486 2852 2633 2918 235
2668 2844 2941 2932 divisis,
2980 2855 3299 2943 emerget
3330 2854 3393 2933 1,
3432 2871 3678 2921 secun-

1055 2978 1192 3051 dus
1219 2987 1291 3050 et
1315 2976 1612 3051 ultimus
1639 2986 1922 3075 quotus.
2003 2975 2138 3050 Est
2169 3002 2344 3075 ergo
2374 2976 2704 3052 binarius
2737 2977 2954 3074 hujus
2987 2976 3397 3074 partitionis
3428 2978 3672 3067 index,

1053 3120 1128 3184 et
1177 3108 1390 3184 radix
1441 3120 1551 3184 est
1602 3108 2000 3208 bipartiens
2051 3108 2380 3184 radicati.
2487 3108 2676 3183 Item
2722 3107 2788 3183 si
2828 3108 3235 3184 radicatum
3286 3117 3675 3200 12977875

1049 3267 1184 3341 per
1205 3243 1525 3318 radicem
1549 3249 1696 3317 235
1721 3243 2182 3341 partiendum
2207 3241 2322 3328 sit,
2351 3240 2677 3340 emergit,
2708 3241 2942 3338 prima
2964 3240 3373 3340 partitione,
3400 3250 3671 3330 55225,

1049 3376 1388 3462 secunda,
1419 3381 1589 3462 235,
1620 3375 1849 3462 tertia,
1884 3382 1950 3448 1.
2023 3374 2242 3449 Unde
2274 3373 2571 3471 partitio
2595 3374 2754 3447 haec
2780 3372 3173 3472 tripartitio
3196 3385 3325 3460 est,
3355 3383 3429 3448 et
3452 3373 3675 3450 index

1047 3520 1158 3582 est
1190 3507 1570 3594 temarim,
1607 3519 1683 3583 et
1713 3505 1928 3581 radix
1959 3506 2376 3604 tripartiens
2411 3505 2703 3580 dicitur.

853 3639 1220 3714 Numerus
1271 3639 1556 3728 indicis,
1613 3665 1744 3714 seu
1795 3639 2107 3737 qualitas
2155 3637 2447 3726 radicis,
2500 3638 2831 3726 habetur,
2886 3649 3035 3712 tam
3084 3638 3583 3713 descendendo
3632 3641 3675 3712 ὁ,

753 3770 1076 3847 radicato
1118 3772 1217 3847 ad
1257 3772 1632 3859 unitatem,
1677 3797 1809 3871 per
1849 3769 2342 3870 partitionem,
2395 3772 2615 3869 quam
2654 3771 3106 3846 ascendendo
3138 3771 3233 3846 ab
3266 3770 3545 3846 unitate
3578 3772 3673 3845 ad

751 3902 1176 3990 radicatum,
1230 3929 1364 4003 per
1409 3904 2086 4003 multiplicationem
2117 3933 2138 3978 :
2193 3903 2287 3979 In
2331 3913 2641 4002 utroque
2684 3904 2899 3992 enim,
2944 3929 3291 3978 numerus
3322 3903 3671 4002 operatio-

753 4059 931 4108 num
963 4048 1072 4110 est
1102 4035 1346 4124 index,
1389 4046 1464 4112 et
1495 4034 1764 4112 radicis
1797 4035 2130 4135 qualitas.

1149 4168 1259 4244 Ut
1291 4168 1658 4267 superiore
1691 4168 2040 4267 exemplo,
2071 4167 2258 4242 sicut
2281 4165 2691 4241 radicatum
2721 4173 3133 4254 12977875,
3164 4165 3517 4262 partitum
3538 4191 3670 4264 per

1048 4307 1194 4376 235
1239 4300 1583 4389 radicem,
1639 4299 1854 4376 tertia
1881 4299 2275 4398 partitione
2308 4297 2605 4374 exhibet
2636 4297 2989 4372 unitatem
3018 4327 3041 4389 3
3100 4297 3225 4384 ita,
3263 4297 3359 4372 ab
3391 4297 3667 4373 unitate

1047 4433 1470 4510 continuata
1533 4433 2040 4532 multiplicatio
2093 4439 2240 4506 235
2295 4431 2585 4518 radicis,
2656 4430 2869 4505 terti&
2934 4428 3531 4526 multiplicatione
3588 4430 3667 4505 in

1043 4567 1240 4642 idem
1287 4567 1694 4644 radicatum
1743 4565 2016 4642 incidet
2043 4595 2066 4658 3
2125 4565 2320 4640 unde
2355 4573 2661 4662 utroque
2694 4563 2911 4637 modo
2945 4559 3277 4659 arg-uitur
3310 4561 3667 4639 ternarius

1045 4724 1200 4776 esse
1231 4700 1472 4778 index.

849 4963 1052 5038 Hinc
1093 4965 1197 5051 fit,
1249 4965 1448 5062 quod
1486 4963 1895 5062 partitionis
1927 4961 2270 5038 radicalis
2301 4985 2509 5034 rarus
2544 4958 2639 5034 sit
2672 4983 2843 5034 usus
2876 4958 2955 5032 in
2988 4956 3661 5057 computationibus,
