4842 6219
1690 829 1826 896 DE
1877 831 2145 897 ARTE
2192 830 2772 899 LOGISTICA.
3607 836 3690 897 33

868 1049 1391 1149 Multiplicatio
1436 1050 1649 1125 unius
1693 1077 1824 1150 per
1867 1052 2175 1139 unicam,
2226 1077 2355 1126 seu
2394 1051 2844 1151 singularum
2877 1076 3009 1149 per
3041 1050 3384 1149 singulas,
3421 1076 3684 1125 memo-

765 1185 961 1272 riter,
1000 1209 1092 1259 ex
1124 1185 1447 1283 subjecte
1480 1185 1745 1271 tabule,
1784 1186 2131 1261 discenda
2160 1196 2271 1259 est
2304 1187 2521 1282 quem
2552 1184 3109 1283 promptissime.

1254 1393 1290 1445 9
1366 1394 1401 1445 s
1478 1392 1512 1449 7
1590 1394 1627 1446 6
1702 1394 1738 1444 5
1812 1396 1849 1445 4
1912 1395 1946 1445 3
2025 1396 2061 1445 2

1135 1516 1158 1564 1
1255 1514 1291 1566 s
1367 1515 1402 1566 s
1478 1511 1513 1569 7
1590 1514 1626 1564 o
1702 1516 1738 1565 5
1814 1516 1851 1565 4
1912 1516 1946 1565 s
2024 1515 2060 1565 2

1128 1636 1164 1686 2
1210 1601 1303 1687 ἶ
1324 1600 1415 1686 TE
1450 1634 1514 1684 14
1543 1600 1636 1684 Te
1658 1601 1861 1687 To—s'
1882 1601 1973 1685 ‘o’

1094 1720 1301 1811 ἶῖἷ
1322 1720 1411 1805 ΞΖ
1442 1754 1509 1804 21
1560 1754 1625 1805 ιε
1658 1720 1859 1809 Εὖ
1880 1721 2087 1807 ἶ-

2022 1638 2059 1687 4

2144 1397 2167 1445 l

2142 1515 2165 1566 ¹
2485 1518 2590 1592 Ut
2643 1517 2728 1604 si,
2802 1517 2982 1615 quid
3035 1543 3124 1592 ex
3177 1530 3229 1607 7
3285 1532 3359 1593 et
3411 1526 3458 1591 8
3505 1519 3684 1595 invi-

2368 1676 2526 1723 cem
2604 1650 3102 1749 multiplicatis
3184 1650 3483 1737 oriatur,
3577 1652 3684 1725 in-

2369 1794 2778 1882 terrogatur
2815 1788 2847 1858 ?
2974 1785 3246 1871 Quaere
3338 1786 3684 1882 majorem

2370 1924 2440 2002 8,
2497 1915 2771 1990 scilicet
2813 1916 2894 1989 in
2939 1920 3293 2014 supreme,
3343 1928 3416 1990 et
3459 1915 3686 1991 mino-

1096 2082 1191 2091 —
1320 2080 1411 2089 —
1436 2080 1527 2089 -
2366 2073 2522 2121 rem
2572 2058 2622 2135 7
2671 2048 2750 2120 in
2800 2046 3156 2121 sinistimst
3203 2048 3414 2135 linesi,
3477 2060 3548 2122 et
3604 2048 3684 2121 in

1128 2234 1163 2292 7
1219 2236 1288 2288 ⁶3
1318 2201 1413 2286 Ξξ
1441 2235 1515 2287 49
2368 2180 2635 2279 angulo
2715 2180 3080 2254 communi
3160 2181 3479 2256 offendes
3559 2180 3678 2267 56,

1128 2358 1163 2407 e
1217 2356 1288 2413 η
1318 2320 1409 2406 ’ὀῖ
1434 2320 1529 2331 “““
2368 2312 2784 2411 multiplum
2830 2324 3180 2411 optatum.

1127 2477 1163 2529 9
1215 2478 1280 2529 ει

864 2642 1161 2719 Oblitus
1202 2644 1518 2744 multipli
1560 2646 1897 2744 producti
1928 2674 2018 2722 ex
2051 2647 2333 2723 duabus
2377 2648 2772 2747 majoribus
2813 2648 3364 2745 quibuscunque
3410 2648 3684 2747 figuriS,

766 2802 1015 2851 earum
1046 2780 1089 2851 e
1120 2778 1421 2854 denario
1452 2780 1775 2856 defectus
1800 2779 2111 2855 invicem
2132 2780 2558 2880 multiplica,
2589 2805 2722 2879 pro
2729 2778 3104 2877 venietque
3126 2782 3366 2879 figura
3389 2780 3692 2854 dextimi

766 2910 957 3003 loci;
1012 2912 1273 2987 deinde
1306 2913 1661 2989 minorem
1700 2914 2063 2989 defectum
2096 2916 2139 2986 ὲ.
2169 2914 2450 2989 minore
2483 2914 2736 3013 figura,
2777 2924 2904 2987 aut
2934 2916 3286 3013 majorem
3316 2917 3359 2985 ὃ,
3391 2916 3684 3011 majore,

768 3045 1065 3134 auferto,
1102 3046 1507 3124 remanebit
1538 3049 1778 3147 figura
1808 3047 2185 3136 sinistimu,
2223 3047 2661 3147 complentes
2695 3046 3100 3144 quaesitum.

1480 3183 1588 3257 Ut
1622 3182 1685 3258 si
1718 3182 1987 3258 oblitus
2020 3182 2119 3256 sis
2152 3193 2507 3280 quantum
2541 3181 2801 3280 septies
2828 3188 2898 3268 8,
2929 3182 3043 3255 vel
3067 3183 3304 3278 (quod
3325 3181 3520 3256 idem
3545 3187 3690 3278 est)

1092 3371 1190 3470 ΒΧ
1198 3371 1235 3424 2
1376 3315 1597 3389 octies
1628 3327 1701 3405 7,
1752 3315 2142 3404 effecerint,
2200 3341 2448 3391 earum
2499 3317 2544 3388 e
2591 3314 2891 3389 denario
2939 3314 3262 3390 defectus
3295 3321 3344 3389 8
3377 3327 3450 3389 et
3491 3323 3539 3388 2
3583 3315 3691 3388 in-

1088 3411 1190 3508 7)(
1196 3450 1235 3506 3
1374 3446 1607 3522 vicem
1637 3445 2061 3545 multiplica,
2096 3457 2169 3522 et
2194 3445 2620 3545 provenient
2645 3445 2714 3533 6,
2744 3447 2984 3544 figura
3004 3443 3374 3538 dextima3
3433 3446 3692 3520 deinde

1086 3567 1123 3622 5
1192 3562 1233 3622 6
1372 3577 1577 3652 aufer
1621 3585 1671 3650 2
1710 3581 1753 3652 εἰ
1794 3588 1867 3667 7,
1922 3577 2038 3654 vel
2070 3585 2120 3652 3
2154 3581 2249 3654 ab
2284 3585 2353 3665 8,
2402 3588 2476 3653 et
2515 3578 2892 3653 restabunt
2923 3587 2996 3665 5,
3043 3578 3282 3676 figura
3314 3577 3688 3654 sinistimu„

1375 3710 1637 3808 Itaque
1670 3710 1769 3786 56
1804 3722 1974 3786 sunt
2006 3712 2391 3809 quaesitum
2423 3710 2840 3810 multiplum
2871 3737 2963 3786 ex
2993 3723 3045 3800 7
3079 3722 3154 3786 et
3187 3719 3254 3785 8.

868 3961 1507 4075 Mustiplicationis
1538 3977 1861 4076 plurium
1894 4003 2025 4076 per
2059 3978 2349 4052 unicam
2374 3990 2524 4053 tam
2551 3978 2731 4053 situs
2757 3981 2975 4077 quem
3001 3978 3324 4077 operatio
3349 3981 3391 4051 ὲ
3417 3977 3688 4052 dextris

764 4108 1069 4196 orditur,
1130 4110 1587 4208 procedendo
1640 4109 1895 4185 ordine
1949 4110 2331 4187 laevorsum
2361 4143 2383 4202 3
2461 4137 2546 4185 ac
2604 4111 3172 4210 multiplicando,
3236 4109 3478 4196 etiam,
3543 4109 3690 4183 sive

768 4269 987 4342 supra
1034 4242 1185 4318 sive
1230 4253 1396 4318 ante
1440 4243 2043 4342 multiplicantem
2088 4244 2502 4330 constitum,
2566 4245 2702 4319 sub
2761 4255 3066 4341 utroque
3126 4241 3418 4316 ducitur
3475 4242 3687 4317 linea.

770 4375 1295 4475 Multiplicatio
1323 4376 1645 4475 plurium
1679 4401 1811 4475 per
1842 4376 2132 4450 unicam
2167 4376 2313 4451 tria
2343 4375 2565 4453 habet
2597 4377 2676 4451 in
2709 4376 3124 4476 operatione
3157 4391 3537 4476 praecepta„

868 4510 1196 4585 Primum
1237 4521 1367 4598 est,
1427 4521 1510 4584 ut
1561 4509 1884 4584 dextima
1933 4510 2172 4609 figura
2209 4536 2343 4610 per
2386 4510 2634 4584 datam
2677 4510 2967 4584 unicam
3017 4510 3557 4609 multiplicetur,
3616 4523 3688 4585 et

765 4643 1080 4742 multipli
1140 4643 1357 4720 unica
1410 4645 1669 4744 figura,
1728 4643 1843 4718 vel
1894 4644 2151 4718 dextra
2202 4644 2303 4740 (si
2356 4645 2522 4718 duae
2571 4643 2774 4741 sint),
2831 4645 3306 4736 subnotetur3
3369 4644 3681 4732 sinistra,

764 4790 1027 4866 autem,
1067 4777 1131 4853 si
1164 4805 1327 4876 quae
1360 4779 1475 4865 sit,
1514 4778 1760 4854 animo
1790 4789 2215 4854 reservetur.

866 4913 1276 4988 Secundum
1308 4925 1438 4999 est,
1472 4923 1553 4986 ut
1583 4912 1821 5011 figura
1852 4913 2029 4999 haec,
2062 4912 2304 4986 animo
2337 4922 2705 4986 reservata
2728 4912 2828 5009 (si
2861 4937 3024 5009 quae
3060 4913 3211 5010 sit),
3243 4914 3556 4988 addatur
3591 4915 3686 4988 ad

2192 5071 2237 5120 Β
