4842 6219
1763 864 1894 929 DE
1924 825 2212 931 ‘ARTE
2261 865 2835 933 Loels'rch.
3718 871 3760 929 ⁵

930 1089 1062 1162 Est
1111 1099 1186 1162 et
1231 1101 1496 1185 praeter
1545 1085 1704 1159 haec
1750 1084 1952 1160 aliud
1996 1111 2298 1161 examen
2349 1086 2901 1163 substractionis
2948 1085 3028 1159 in
3078 1110 3176 1170 se,
3232 1082 3756 1159 substrahendo

827 1221 1174 1295 nimirum
1205 1218 1581 1293 residuum
1613 1242 1704 1291 ex
1735 1215 2132 1292 minuendo
2165 1229 2248 1292 ut
2279 1218 2736 1318 relinquatur
2767 1217 2972 1317 prius
3004 1215 3637 1292 substrahendum.

1231 1352 1339 1426 Ut
1370 1376 1503 1450 pro
1537 1349 1871 1424 examine
1905 1376 2001 1423 an
2033 1356 2082 1423 8
2117 1350 2529 1426 substracta
2572 1377 2662 1426 ex
2701 1363 2750 1426 5
2798 1349 3215 1447 relinquant
3254 1356 3325 1435 2,
3376 1348 3757 1423 substrahe

1131 1492 1180 1557 2
1214 1508 1308 1557 ex
1339 1493 1411 1569 5,
1450 1494 1524 1557 et
1555 1481 2033 1556 restituentur
2064 1487 2135 1554 3.

935 1751 1186 1837 Habes
1213 1749 1483 1846 itaque,
1513 1773 1605 1821 ex
1631 1747 1874 1833 totius,
1905 1746 2156 1845 partis,
2185 1758 2260 1821 et
2282 1746 2617 1833 residuae,
2648 1748 2930 1821 duabus
2956 1746 3511 1846 quibuscunque
3537 1746 3747 1833 datis,

833 1884 1140 1971 tertiam,
1176 1908 1310 1982 per
1341 1882 1792 1957 additionem
1821 1892 1896 1955 et
1929 1880 2557 1955 substractionem.

1985 2232 2404 2318 CAPUT
2474 2232 2592 2317 ΙΙ.

1229 2473 1348 2534 DE
1392 2470 2259 2533 COMPUTATIONIBUS
2304 2472 2569 2533 ORTIS
2610 2472 2725 2533 Ex
2767 2473 2981 2535 IPSIS
3022 2473 3339 2535 PRIMIS.

931 2683 1112 2757 Huc
1120 2706 1367 2765 usqua
1425 2683 1520 2756 de
1576 2679 1834 2778 primis
1899 2680 2560 2779 computationibus
2614 2680 2892 2780 egimus
2928 2712 2952 2775 3
3024 2695 3429 2779 sequuntur
3481 2695 3657 2757 ortae
3710 2685 3755 2755 ὃ,

827 2841 1100 2914 primis.

927 3084 1138 3160 Ortae
1164 3092 1336 3157 sunt
1360 3106 1524 3179 quae
1549 3082 2031 3179 quantitatem
2056 3104 2224 3154 cum
2249 3080 2658 3178 quantitate
2682 3080 2954 3181 pluries
2979 3091 3419 3180 computant.
3501 3078 3751 3177 Atque

830 3217 946 3292 hae
975 3241 1068 3291 ex
1103 3215 1470 3314 prioribus
1505 3213 1886 3312 aliquoties
1921 3212 2361 3290 continuatis
2393 3215 2802 3290 naturalem
2835 3213 3191 3313 originem
3223 3216 3521 3288 ducunt.

929 3349 1138 3424 Ortae
1169 3346 1346 3422 item
1379 3348 1494 3422 vel
1528 3372 1619 3421 ex
1651 3346 1930 3446 primis,
1969 3347 2086 3422 vel
2116 3373 2208 3422 ex
2238 3347 2479 3446 primo
2511 3348 2688 3422 ortis
2722 3345 3262 3422 continuatione
3294 3345 3651 3420 oriuntur.

928 3482 1138 3557 Ortae
1169 3505 1260 3555 ex
1291 3479 1548 3579 primis
1587 3491 1778 3566 sunt,
1825 3507 1988 3578 quae
2020 3505 2112 3554 ex
2147 3480 2390 3568 totiuS,
2436 3479 2687 3579 partis,
2725 3491 2799 3554 et
2832 3491 3113 3578 partem
3148 3478 3746 3578 cognominantis.

825 3615 1108 3688 duabus
1141 3612 1694 3711 quibuscunque
1729 3613 1922 3688 datis
1956 3611 2246 3688 tertiam
2276 3612 2680 3687 inveniunt.
2792 3611 3166 3711 Exemplis
3196 3636 3367 3685 mox
3399 3612 3751 3711 patebunt

827 3747 1000 3821 haec.

927 3880 1136 3955 Ortae
1180 3890 1427 3955 autem
1471 3903 1564 3953 ex
1605 3878 1866 3977 primis
1912 3890 2081 3953 sunt
2124 3877 2637 3978 multiplicatio
2670 3904 2760 3953 ex
2793 3878 3213 3953 continuata
3244 3877 3636 3964 additione,
3676 3889 3749 3950 et

825 4011 1119 4108 partitio
1151 4037 1244 4086 ex
1277 4011 1699 4086 continuata
1731 4009 2280 4086 substractione.

923 4277 1058 4350 Est
1089 4301 1266 4376 ergo
1299 4301 1938 4364 uumffuculo,
1969 4276 2388 4352 alterutrius
2413 4277 2753 4350 datarum
2776 4275 2989 4350 toties
3015 4273 3439 4348 continuata
3471 4271 3749 4348 additio

823 4408 1104 4504 quoties
1145 4420 1255 4483 est
1285 4409 1367 4483 in
1401 4408 1628 4484 altera
1659 4409 1900 4484 unitas
1927 4439 1950 4502 3
2007 4421 2084 4483 et
2115 4409 2314 4506 quod
2341 4407 2772 4506 producitur
2804 4405 3220 4505 multiplum
3253 4405 3543 4480 dicitur.

1213 4541 1323 4618 Ut
1347 4541 1832 4640 multiplicare
1855 4549 1906 4616 3
1931 4566 2064 4640 per
2086 4549 2134 4614 5
2161 4551 2271 4614 est
2296 4539 2716 4615 alterutrius
2741 4565 2809 4612 v·
2819 4565 2892 4638 g.
2921 4537 3145 4613 trium
3172 4536 3557 4635 quinquies
3582 4562 3745 4612 con·

1121 4675 1410 4749 tinuata
1426 4672 1728 4762 additio,
1753 4700 1917 4773 quae
1931 4683 2022 4748 15
2045 4672 2301 4765 efficit3
2334 4673 2452 4748 vel
2471 4670 2789 4770 quinarii
2809 4681 2921 4746 ter
2940 4669 3239 4758 additio,
3265 4695 3427 4767 quae
3445 4671 3748 4747 totidem

1117 4807 1340 4882 etiam
1373 4806 1613 4882 efficit.
1717 4806 1818 4882 Et
1849 4807 2112 4882 horum
2144 4812 2193 4880 3
2225 4818 2302 4894 et
2333 4815 2404 4894 5,
2444 4805 2752 4880 alterum
2783 4801 3295 4901 multiplicans,
3334 4815 3407 4878 et
3440 4803 3742 4878 alterum

1119 4938 1772 5038 multiplicandum,
1809 4941 2168 5039 producta
2195 4940 2368 5014 vero
2407 4946 2498 5012 15
2530 4935 2947 5036 multiplum
2980 4935 3343 5012 dicuntur.
