4842 6219
1636 892 1772 959 DE
1821 890 2089 958 ARTE
2137 890 2709 957 LOGISTICA.
2876 876 2883 883 Φ
3555 891 3633 951 41

709 1116 1018 1193 circulos
1051 1114 1274 1189 habet
1305 1110 1616 1210 partitor
1645 1138 1694 1184 2r
1721 1108 2055 1185 abscissae
2089 1122 2330 1185 tamen
2361 1109 2615 1208 figurae
2650 1132 2871 1206 supra
2900 1106 3189 1193 lineam,
3222 1117 3297 1180 et
3326 1105 3635 1203 partitor

711 1250 906 1324 infra
935 1247 1224 1333 lineam,
1264 1254 1434 1319 sunt
1467 1243 2010 1329 constituendae,
2041 1254 2116 1317 et
2149 1254 2369 1340 quoto
2403 1240 2830 1339 adjiciendae
2863 1240 2960 1313 ad
2993 1239 3200 1337 quoti
3231 1239 3638 1337 fragmenta

711 1382 1132 1456 notandum.

1113 1513 1220 1587 Ut
1263 1511 1410 1585 sint
1456 1509 1904 1597 865091872
1943 1508 2329 1606 partienda
2359 1533 2490 1605 per
2529 1516 2693 1593 100,
2748 1507 2925 1580 fient
2960 1504 3457 1607 865091311οᾏ-
3504 1530 3639 1603 pro

1013 1656 1254 1743 quoto.
1363 1644 1550 1718 Item
1585 1643 1732 1716 sint
1766 1640 2564 1729 8650913720000089
2608 1640 2993 1737 partienda
3035 1664 3166 1737 per
3217 1646 3630 1743 10000000,

1012 1780 1096 1852 fit
1129 1788 1391 1876 quotus
1426 1774 2296 1877 865091372-1-π33-11π.

818 2044 1020 2118 Hinc
1051 2043 1402 2141 sequitur,
1429 2040 2067 2139 multiplicationes
2091 2050 2166 2114 et
2188 2038 2613 2138 partitiones
2646 2063 2777 2136 per
2808 2062 3275 2135 quoscunque
3298 2062 3635 2112 numeros

712 2189 958 2252 auctos
991 2176 1284 2251 circulis
1307 2175 1518 2249 facile
1541 2174 1722 2261 fieri,
1753 2172 2013 2271 spretis
2044 2173 2282 2272 primo
2314 2172 2394 2245 in
2426 2170 3027 2270 multiplicatione
3060 2170 3374 2259 circulis,
3405 2173 3637 2246 donec

713 2310 1245 2410 multiplicandi
1293 2320 1366 2383 et
1415 2307 1966 2406 multiplicantis
2007 2307 2308 2404 reliquae
2351 2306 2607 2404 figurae
2649 2304 2960 2380 invicem
3001 2306 3411 2398 ducantur3
3464 2306 3636 2380 inde

713 2444 1045 2542 multiplo
1096 2456 1202 2517 tot
1251 2442 1556 2517 circulos
1603 2440 2100 2533 restituend03
2162 2452 2380 2537 atque
2428 2464 2563 2538 pro
2612 2438 3003 2536 partitione
3044 2438 3533 2514 abscindendo
3566 2453 3638 2513 et

713 2577 1019 2651 circulos
1051 2579 1096 2649 ὃ,
1124 2576 1475 2675 portitore
1507 2586 1581 2649 et
1613 2585 1722 2650 tot
1753 2574 2024 2673 figuras
2057 2576 2100 2647 a
2131 2573 2515 2671 partiendo
2544 2604 2567 2664 3
2632 2583 2849 2669 atque
2881 2570 3243 2669 reliquum
3274 2571 3639 2670 partiendi

713 2714 846 2809 pei·
875 2710 1237 2807 reliquum
1268 2708 1638 2807 partitoris
1671 2707 2083 2793 dividend0‚
2112 2718 2184 2781 et
2217 2705 2563 2803 reliquias
2597 2730 2764 2779 cum
2798 2704 3151 2791 abscissis,
3182 2705 3413 2803 posita
3442 2706 3635 2779 inter

715 2869 836 2917 eas
868 2843 1078 2931 linea,
1117 2841 1545 2941 adjiciendo·

1115 2976 1223 3051 Ut
1268 2974 1414 3049 sint
1461 2972 2013 3071 multiplicanda
2057 2971 2305 3054 65294
2354 2996 2484 3069 per
2536 2976 2755 3056 2300,
2810 2970 2987 3045 fient
3016 2970 3255 3068 primo
3297 2969 3637 3058 1501762

1014 3111 1142 3205 (ex
1181 3108 1407 3183 (luctu
1446 3105 1695 3190 65294
1727 3106 1808 3181 in
1841 3108 1999 3203 23),
2046 3104 2310 3179 deinde
2360 3102 2772 3202 adjiciendo
2812 3111 2913 3178 00
2954 3103 3131 3178 fient
3172 3111 3409 3191 15017
3414 3101 3636 3190 6200,

1103 3320 1221 3394 1⁹8
1437 3267 1570 3339 pro
1631 3250 1781 3315 toto
1839 3238 2192 3336 multiplo.
2300 3239 2491 3312 Item
2558 3237 2705 3311 sint
2758 3237 3143 3336 partienda
3200 3236 3449 3320 65294
3506 3264 3637 3336 per

1099 3401 1318 3492 3529}
1439 3382 1659 3462 2300,
1689 3372 2223 3448 constituantur
2249 3383 2334 3446 ut
2363 3375 2406 3446 a
2436 3371 2785 3470 margine,
2822 3371 2931 3444 ita
2962 3382 3045 3446 ut
3074 3397 3208 3470 pro
3233 3380 3335 3446 00
3358 3371 3635 3446 abscin-
3659 3441 3677 3458 ,

1033 3499 1234 3592 Q
1437 3509 1707 3582 dantur
1737 3529 2094 3605 gnomone
2127 3512 2248 3592 94,
2283 3503 2425 3578 hoc
2456 3505 2673 3578 modo
2715 3502 2873 3608 {945
2930 3505 3193 3580 deinde
3224 3505 3637 3603 partiantur

1076 3603 1200 3754 {54
1441 3641 1588 3716 652
1637 3665 1769 3738 per
1821 3645 1939 3725 23,
1991 3648 2065 3712 et
2106 3639 2232 3712 fiet
2283 3649 2567 3736 quotus,
2624 3603 2819 3713 cur-ff
2834 3637 3255 3737 fragmentis
3300 3639 3631 3727 residuis,

1441 3773 1763 3874 2839390462
1801 3798 1930 3846 seu
1963 3772 2198 3869 (quod
2229 3771 2425 3847 idem
2456 3776 2604 3870 est)
2638 3773 2958 3874 2814145711.

819 4045 1064 4120 Primo
1095 4043 1396 4119 intuitui
1429 4041 1716 4116 facilem
1747 4067 1824 4116 se
1857 4040 2108 4138 objicit
2137 4039 2535 4138 bipartitio.

1117 4177 1224 4252 Ut
1269 4177 1416 4250 sint
1455 4174 1920 4272 bipartienda
1959 4173 2212 4256 65294
2240 4203 2260 4263 ;
2322 4172 2487 4269 quis
2518 4197 2666 4246 non
2696 4171 2933 4270 primo
2964 4171 3238 4246 intuitu
3269 4171 3635 4268 conspicet

1015 4319 1064 4383 3
1108 4336 1262 4384 esse
1312 4308 1694 4384 dimidium
1746 4306 1820 4394 6,
1869 4317 1958 4380 et
2009 4314 2058 4379 2
2109 4304 2449 4401 quinarii,
2502 4303 2757 4379 relicto
2813 4312 2875 4391 1,
2932 4303 3410 4379 constituente
3468 4329 3631 4378 cum

1015 4454 1356 4541 sequente
1387 4441 1675 4517 binario
1714 4448 1829 4528 12,
1879 4463 2189 4536 quorum
2220 4436 2607 4512 dimidium
2640 4448 2751 4512 est
2784 4436 2832 4511 6
2862 4468 2883 4529 3
2942 4437 3204 4512 deinde
3238 4449 3637 4534 sequuntur

1015 4583 1086 4662 9,
1109 4599 1418 4674 quorum
1444 4572 1830 4648 dimidium
1853 4581 2024 4646 sunt
2043 4580 2116 4657 4,
2141 4568 2396 4644 relicto
2421 4578 2459 4642 1
2486 4569 2823 4665 (denario
2846 4569 3195 4666 scilicet);
3236 4580 3635 4666 sequuntur

1013 4731 1186 4806 ergo
1233 4705 1562 4782 omnium
1615 4705 1872 4780 ultimo
1930 4710 2044 4790 14,
2103 4727 2412 4800 quorum
2468 4699 2855 4776 dimidium
2908 4712 3019 4776 est
3061 4712 3162 4792 75
3228 4727 3318 4776 ex
3372 4701 3637 4798 quibus

1022 4901 1218 4968 65294
1363 4839 1698 4914 omnibus
1739 4845 1812 4924 3,
1869 4843 1940 4923 2,
1991 4835 2060 4923 6,
2109 4843 2182 4922 4,
2234 4846 2308 4924 7,
2369 4835 2557 4908 fiunt
2600 4833 2869 4923 32647,
2920 4832 3305 4910 dimidium
3349 4834 3637 4909 numeri

1024 4979 1218 5046 32647
1351 4971 1614 5059 oblati,
1652 4969 1850 5046 dicto
1881 4967 2098 5044 citius
2133 4977 2525 5066 repertum,
2562 4977 2647 5042 ut
2678 4969 2721 5040 ὲ
2751 4966 3079 5066 margine
3110 4977 3425 5042 notatur.

2147 5126 2188 5175 ιτ
