4842 6219
1197 902 1280 963 48
2127 894 2264 961 DE
2313 895 2581 963 ARTE
2630 894 3199 964 LOGISTICA.

1203 1144 1369 1193 cum
1411 1144 1542 1191 suo
1584 1142 1882 1191 munere
1925 1116 2146 1190 etiam
2186 1116 2533 1213 fungatur
2564 1114 3094 1213 multiplicatio.
3200 1114 3292 1188 In
3325 1113 3441 1187 his
3475 1124 3737 1199 autem,
3772 1114 4123 1213 multipli-

1203 1250 1390 1325 catio
1423 1249 1782 1337 radicalis,
1822 1274 1984 1346 quae
2019 1250 2112 1323 ab
2147 1247 2425 1321 unitate
2457 1246 2537 1319 in
2570 1247 2999 1333 radicatum,
3029 1258 3155 1321 aut
3187 1245 3507 1344 partitio,
3538 1271 3704 1343 quae
3728 1249 3773 1318 a
3794 1246 4123 1321 radicato

1202 1384 1281 1455 in
1331 1382 1682 1456 unitatem
1727 1380 2024 1481 praecise
2063 1406 2211 1453 non
2243 1378 2525 1465 incidit,
2574 1378 2865 1452 inutiles
2900 1390 3089 1451 sunt.
3197 1378 3545 1475 Arguunt
3577 1377 3773 1451 enim
3804 1377 4121 1454 oblatam

1201 1514 1520 1589 radicem
1553 1539 1699 1586 non
1733 1538 1886 1587 esse
1917 1511 2311 1610 perfectam
2343 1510 2661 1585 radicem
2694 1508 3023 1584 radicati.

2305 1864 2721 1949 CAPUT
2806 1862 3011 1947 VII.

1378 2106 1496 2165 DE
1541 2104 2121 2165 INVENIENDIS
2167 2102 2547 2164 REGULIS
2592 2100 3310 2161 EXTRACTIONUM
3358 2098 3943 2161 RADICALIUM.

1311 2315 1956 2393 Umnscumscmr,
2035 2310 2304 2385 radicis
2381 2309 2680 2407 propria
2750 2320 2880 2394 est,
2966 2321 3039 2381 et
3120 2307 3603 2405 particularis,
3690 2307 4125 2381 extrahendi

1200 2446 1474 2545 regula.

1302 2577 1594 2675 Regula
1642 2600 1946 2672 quaeque
1995 2572 2461 2647 extractionis
2512 2572 2839 2647 consistit
2887 2573 2967 2647 in
3016 2572 3452 2647 resolutione
3500 2570 3811 2645 radicati
3859 2572 3937 2644 in
3990 2597 4125 2645 sua

1203 2710 1721 2809 supplementa.

1301 2841 1896 2941 Supplementum
1929 2850 2059 2927 est,
2097 2837 2512 2913 differentia
2540 2838 2853 2912 duorum
2884 2837 3375 2913 radicaturum
3407 2836 3731 2933 ejusdem
3762 2834 4047 2933 speciei.

1603 2972 1711 3048 Ut
1755 2972 1901 3046 sint
1943 2970 2274 3047 radicata
2312 2971 2636 3070 ejusdem
2680 2969 2946 3068 speciei
2984 2977 3129 3043 100
3170 2980 3243 3043 et
3280 2977 3423 3043 144
3452 3000 3473 3060 3
3531 2966 3886 3053 videlieet,
3936 2965 4123 3039 illud

1501 3106 1950 3204 duplicatum
1989 3114 2103 3192 10,
2159 3116 2233 3178 et
2275 3104 2415 3179 hoc
2460 3104 2906 3202 duplicatum
2946 3111 3090 3194 123
3146 3100 3561 3177 differentia
3590 3100 4123 3199 duplicatorum

1502 3248 1646 3314 100
1679 3251 1752 3314 et
1791 3247 1934 3336 144
1979 3249 2089 3312 est
2135 3247 2256 3325 44,
2307 3263 2472 3335 quae
2518 3248 2687 3312 sunt
2728 3261 2979 3312 verum
3028 3237 3606 3334 supplementum
3654 3235 4123 3333 praefatorum

1498 3371 2011 3445 radicatorum.

1235 3641 1240 3646 ’
1305 3639 1819 3738 Supplementa
1867 3663 2039 3734 ergo
2083 3637 2479 3722 variantur,
2536 3648 2753 3734 prout
2806 3635 3297 3710 radicatorum
3346 3645 3419 3708 et
3468 3633 3799 3708 radicum
3850 3631 4120 3730 species

1201 3775 1418 3850 variae
1463 3772 1752 3848 fuerint.
1859 3769 2038 3844 Alia
2085 3769 2280 3844 enim
2329 3780 2439 3844 est
2486 3769 2743 3868 regula
2787 3768 3207 3844 inveniendi
3256 3768 3753 3866 supplementa
3802 3765 4122 3864 duplica-

1204 3906 1439 3995 tionis,
1495 3918 1570 3980 et
1619 3902 2084 3980 extractionis
2135 3902 2403 3977 radicis
2452 3901 2931 4001 bipartientis,
2980 3901 3126 3976 alia
3168 3899 3691 4000 triplicationiS,
3735 3910 3809 3973 et
3848 3905 4122 3974 extrac-

1203 4041 1418 4115 tionis
1451 4039 1718 4114 radicis
1759 4036 2259 4137 tripartientis,
2313 4035 2461 4112 alia
2502 4034 3221 4133 quadruplicationiS,
3269 4044 3342 4108 et
3386 4032 3849 4108 extractionis
3896 4031 4121 4127 quad-

1199 4172 1667 4272 rupartientis
1699 4170 1968 4245 radicis
1996 4201 2019 4260 3
2077 4179 2148 4242 et
2178 4168 2287 4243 ita
2315 4167 2763 4265 reliquarum
2796 4166 3139 4242 omnium.

1302 4306 1646 4404 Bag-flas,
1686 4314 1949 4388 autem,
1987 4301 2404 4376 inveniendi
2438 4299 2761 4375 omnium
2800 4299 3291 4374 radicaturum
3338 4308 3411 4372 et
3460 4297 3789 4372 radicum
3838 4295 4118 4393 supple-

1199 4451 1465 4526 menta,
1535 4439 1746 4513 doeet
1803 4433 2114 4510 Tabella
2175 4446 2427 4510 nostra
2491 4432 2981 4532 triangularis,
3052 4431 3311 4506 areolis
3368 4429 3763 4529 hexagonis
3828 4428 4113 4514 referta,

1200 4575 1656 4648 dextrorsum
1697 4566 2064 4665 inscriptis
2099 4566 2378 4642 unitate
2411 4566 2581 4653 sola,
2632 4564 3123 4640 sinistrorsum
3155 4566 3326 4638 vero
3358 4563 3679 4638 numeris
3712 4563 3805 4638 ab
3838 4560 4118 4635 unitate

1200 4705 1498 4780 unitatis
1549 4704 1994 4776 incremento
2043 4698 2553 4784 crescentibus,
2608 4709 2683 4772 et
2727 4699 2770 4769 a
2808 4697 3073 4772 vertice
3116 4695 3766 4786 descendentibus3
3830 4704 3904 4770 et
3954 4719 4117 4792 quae

1200 4839 1592 4912 introrsum
1648 4835 1870 4908 habet
1927 4831 2377 4930 singularum
2436 4831 2843 4906 areolarum
2900 4855 3304 4918 numerum,
3362 4853 3719 4926 quemque
3768 4826 4116 4924 aequalem

1201 4971 1482 5045 duobus
1515 4965 1836 5042 numeris
1865 4963 2193 5062 proxime
2227 4962 2717 5062 superpositis.
