4842 6219
1171 806 1256 867 20
2099 800 2236 867 DE
2284 800 2555 869 ARTE
2601 801 3173 871 LOGISTICA.

1474 1024 1696 1106 —32,
1750 1018 1992 1095 indice
2039 1021 2313 1109 eodem,
2367 1020 2665 1097 habebit
2712 1020 3035 1096 radicem
3078 1019 3507 1095 defectivam
3536 1028 3711 1109 -2,
3764 1022 3961 1119 quod
3998 1049 4090 1098 ex

1473 1152 1924 1250 praecedente
1955 1154 2304 1252 exemplo,
2341 1165 2416 1229 et
2448 1154 2824 1254 utriusque
2856 1153 3185 1229 examine
3214 1151 3497 1252 liquido
3528 1164 3827 1229 constat.

1279 1416 1569 1517 Regula
1596 1419 2079 1517 proportionis
2118 1444 2268 1495 non
2307 1431 2420 1495 est
2462 1418 2588 1495 hic
2625 1420 3038 1519 repetenda,
3082 1420 3279 1519 quod
3311 1444 3401 1493 ea
3430 1445 3522 1494 ex
3552 1419 4085 1519 multiplicatio-

1174 1552 1388 1627 nibus
1421 1562 1496 1627 et
1524 1552 2037 1651 partitionibus
2069 1564 2563 1651 componatur,
2600 1564 2675 1628 et
2702 1578 2837 1653 per
2864 1552 3241 1652 praemissa
3270 1551 3713 1651 acquiratur.

2276 1961 2693 2061 CAPUT
2774 1974 2981 2062 VII.

1968 2244 2086 2305 DE
2129 2244 2865 2317 QUANTITATIBUS
2906 2246 2957 2305 F
2962 2246 3296 2309 RACTIS.

1273 2484 1702 2559 HAc‘rmws
1733 2482 1973 2583 prima
2003 2482 2493 2581 quantitatum
2524 2484 2784 2561 divisio
2813 2516 2836 2580 ς
2892 2488 3219 2585 sequitur
3250 2488 3585 2562 secunda.

1267 2750 1618 2839 Secundo,
1655 2752 1896 2839 etiam,
1935 2752 2374 2850 quantitates
2407 2763 2539 2827 aut
2567 2762 2738 2827 sunt
2769 2752 3096 2853 integrae,
3134 2764 3263 2827 aut
3292 2752 3563 2828 fractae.

1237 2886 1732 2977 ’Quantitates
1782 2885 2104 2987 integras
2153 2887 2279 2961 hic
2327 2886 2655 2975 dicimus,
2712 2913 2875 2985 quae
2908 2896 3035 2962 aut
3066 2886 3441 2972 unitatem,
3478 2896 3607 2959 aut
3634 2884 3919 2959 nullum
3950 2886 4075 2961 ha-

1164 3024 1340 3098 bent
1386 3021 2024 3097 denominatorem.
2127 3021 2593 3122 Integrarum
2631 3029 2872 3095 autem
2902 3044 3035 3120 per
3066 3044 3143 3093 se
3174 3018 3741 3117 computationes
3772 3042 3865 3093 ex
3894 3044 4073 3119 prae-

1163 3155 1422 3242 missis,
1459 3181 1624 3230 cum
1657 3155 1929 3243 fractis,
1965 3157 2160 3243 vero,
2197 3181 2289 3230 ex
2320 3155 2783 3253 sequentibus
2814 3155 3185 3230 habemus.

1263 3289 1562 3363 Fractas
1585 3291 1758 3364 vero
1783 3289 2112 3376 dicimus,
2141 3313 2306 3387 quae
2331 3286 2951 3363 denominatorem
2972 3283 3338 3362 diversum
3370 3287 3464 3362 ab
3496 3285 3773 3360 unitate
3806 3285 4076 3362 habent

1163 3421 1608 3496 numeraturi
1640 3420 2110 3519 suppositum.

1262 3551 1792 3626 Denominator
1823 3562 1934 3626 est
1965 3552 2332 3650 quantitas
2365 3552 2737 3651 supposita
2764 3551 2997 3639 lineae,
3034 3575 3197 3648 quae
3227 3575 3361 3650 per
3392 3561 3569 3648 quot
3610 3560 3853 3649 partes
3896 3549 4073 3626 divi-

1164 3685 1407 3760 denda
1437 3683 1532 3759 sit
1565 3694 1719 3759 tota
1748 3683 2047 3760 indicat.

1261 3817 1706 3893 Numerator
1753 3827 1996 3892 autem
2043 3828 2153 3892 est
2199 3815 2569 3916 quantitas
2618 3817 3071 3917 superposita
3116 3818 3349 3906 lineae,
3399 3843 3564 3916 quae
3596 3829 3775 3916 quot
3804 3842 3897 3893 ex
3926 3817 4071 3893 illis

1163 3949 1490 4049 partibus
1523 3951 1890 4025 sumendae
1923 3949 2071 4025 sint
2103 3951 2419 4024 denotat.

1561 4083 1659 4159 V.
1693 4109 1765 4183 g.
1805 4083 1992 4158 Haec
2024 4082 2415 4181 quantitas,
2472 4090 2521 4157 8
2544 4083 2662 4170 ab,
2718 4093 2829 4157 est
2875 4081 3161 4182 integra
3192 4081 3581 4179 quantitas.
3682 4082 3807 4160 Sic
3838 4084 4073 4181 (quod

1461 4217 1657 4292 idem
1713 4219 1860 4314 est)
1913 4218 2036 4332 ³3²⁶
2092 4225 2203 4291 est
2263 4215 2485 4291 etiam
2547 4215 2855 4315 integra,
2912 4217 3049 4292 sub
3096 4215 3334 4314 specie
3382 4225 3626 4290 tamen
3674 4214 4069 4291 fractionis.

1465 4349 1654 4425 Item
1699 4352 1841 4468 gg,
1896 4358 1971 4424 et
2019 4352 2129 4466 §iffi
2179 4359 2256 4424 et
2301 4351 2412 4466 gg,
2468 4349 2618 4424 sive
2662 4349 2858 4447 quod
2898 4347 3097 4424 idem
3144 4359 3275 4436 est,
3315 4351 3387 4448 ᾗ,
3438 4347 3824 4423 flectiones
3872 4358 4063 4434 sunt,

1455 4507 1586 4558 seu
1615 4482 1865 4558 fractae
1897 4481 2358 4580 quantitates,
2395 4506 2707 4580 quarum
2750 4480 3043 4556 termini
3084 4481 3487 4580 superiores
3530 4490 3700 4556 sunt
3738 4504 4069 4555 numera-

1458 4625 1671 4702 toreS,
1707 4613 2083 4690 inferiores
2115 4616 2308 4702 vero,
2345 4615 2945 4688 denominatores.

1273 4877 1737 4968 Quantitates
1812 4879 2076 4954 fractas
2149 4881 2458 4977 majores
2533 4879 2832 4965 unitate,
2902 4902 2993 4954 ex
3058 4879 3495 4977 imperfectis
3558 4879 4069 4977 partitionibus
