4842 6219
1232 929 1313 989 44
2164 922 2297 987 DE
2346 920 2614 987 ARTE
2659 918 3239 988 LOGISTICA.

1544 1143 1807 1241 quibus
1834 1142 2038 1217 aufer
2062 1148 2383 1253 828946,
2412 1140 2784 1239 partitoris
2815 1138 3258 1237 noncuplum
3293 1138 3718 1227 tabulatum,
3757 1152 3831 1214 et
3863 1141 3988 1215 fiet
4012 1144 4170 1239 jam

1544 1286 1803 1374 quotus
1840 1274 2108 1360 86509,
2146 1272 2419 1347 relictis
2461 1272 2751 1347 126368
2783 1304 2803 1363 ;
2859 1298 2948 1347 ex
2984 1272 3246 1369 quibus
3281 1272 3486 1345 aufer
3518 1280 3840 1359 092105,
3871 1273 4168 1348 unicum

1546 1408 1819 1483 scilicet
1862 1417 1934 1481 et
1980 1406 2319 1503 simplum
2358 1404 2780 1503 partitorem
2811 1434 2832 1495 ;
2895 1414 2968 1479 et
3012 1415 3344 1478 concreto
3375 1406 3529 1501 jam
3571 1415 3792 1502 quoto
3841 1404 4162 1493 865091,

1544 1550 1927 1638 supersunt
1960 1538 2261 1611 342630
2290 1570 2310 1629 ;
2366 1564 2458 1611 ex
2483 1537 2744 1636 quibus
2771 1534 3088 1624 276315,
3121 1535 3420 1633 triplum
3455 1534 3730 1609 scilicet
3763 1537 4158 1633 partitoris,

1540 1674 1761 1761 aufer,
1820 1684 1893 1748 et
1936 1671 2077 1747 erit
2116 1675 2271 1771 jam
2318 1683 2582 1770 quotus
2629 1669 2997 1756 8650913,
3055 1680 3128 1743 et
3177 1680 3608 1768 supererunt
3655 1668 4002 1763 663156;
4067 1699 4160 1747 ex

1537 1806 1800 1905 quibus
1868 1804 2071 1879 aufer
2130 1804 2448 1894 644735,
2521 1816 2594 1877 et
2653 1829 2744 1877 ex
2802 1813 3022 1901 quoto
3081 1804 3236 1901 jam
3305 1802 3703 1891 86509137
3771 1818 4160 1902 supersunt

1542 1947 1883 2029 184210;
1948 1964 2037 2012 ex
2084 1938 2345 2035 quibus
2390 1937 2594 2013 aufer
2637 1935 3004 2034 partitoris
3051 1935 3354 2031 duplum
3399 1935 3825 2023 tabulatum,
3865 1948 3938 2010 et
3967 1938 4160 2011 nihil

1534 2069 1907 2170 supererit,
1946 2070 2297 2167 producto
2332 2082 2484 2145 toto
2515 2082 2588 2143 et
2619 2068 2904 2166 integro
2939 2078 3159 2166 quoto
3187 2066 3634 2156 865091372
3661 2069 4156 2167 superioribus

1532 2202 2020 2277 conveniente.

1336 2472 1713 2545 Hactenus
1770 2467 2275 2566 multiplicatio
2328 2481 2402 2543 et
2454 2467 2754 2566 partitio
2811 2468 3137 2566 simplex,
3199 2494 3366 2543 cum
3427 2467 3578 2543 suis
3637 2472 4082 2568 compendiis
4123 2503 4140 2547 :

1228 2586 1629 2701 sequuntur
1672 2599 2181 2698 multiplicatio
2226 2612 2298 2674 et
2342 2599 2640 2698 partitio
2683 2598 3048 2673 radicalis.

2366 2956 2783 3042 CAPUT
2853 2956 3008 3040 VI.

1230 3201 1348 3260 DE
1395 3197 1823 3260 RADICALI
1868 3195 2708 3258 MULTIPLICATIONE
2753 3196 2864 3256 ET
2909 3195 3466 3256 PARTITIONE
3511 3197 4134 3260 INTEGRORUM.

1322 3408 2085 3480 MULTIPLch'rlole
2118 3403 2363 3501 praxis
2397 3429 2488 3477 ex
2523 3404 2679 3501 ipsa
2713 3404 3033 3500 ejusdem
3066 3402 3485 3478 definitione
3519 3415 3737 3501 patet.
3831 3407 3911 3481 Si
3945 3408 4144 3481 enim

1218 3538 1571 3612 unitatem
1605 3537 1683 3610 in
1717 3537 2037 3610 radicem
2070 3535 2688 3633 multiplicaveris,
2733 3537 2816 3610 fit
2847 3535 3010 3633 ipsa
3039 3535 3250 3609 radix
3282 3567 3302 3628 3
3361 3562 3580 3634 quam
3613 3537 3676 3610 si
3709 3540 4026 3612 seeundo
4059 3541 4138 3614 in

1214 3669 1533 3745 radicem
1578 3669 1893 3754 duxeris,
1942 3669 2027 3740 fit
2072 3668 2521 3765 duplicatum
2552 3700 2572 3759 ;
2641 3669 2835 3766 quod
2881 3669 2943 3742 si
2989 3669 3205 3742 tertio
3247 3669 3540 3743 duxeris
3575 3671 4022 3768 duplicatum
4057 3674 4134 3746 in

1214 3803 1555 3888 radicem,
1604 3801 1689 3874 fit
1734 3800 2179 3898 triplicatum
2208 3831 2228 3891 3
2294 3802 2510 3896 quod,
2557 3801 2870 3899 quidem,
2922 3801 2984 3875 si
3030 3804 3290 3900 quarto
3333 3802 3412 3875 in
3456 3803 3774 3877 radicem
3815 3804 4132 3893 duxeris,

1216 3936 1450 4012 oritur
1482 3934 1653 4008 inde
1688 3931 2324 4030 quadruplicatum
2354 3963 2375 4024 ;
2441 3933 2656 4030 atque
2703 3933 2806 4008 sic
2847 3933 3184 4032 deinceps
3229 3935 3858 4033 quintuplicatum‚
3899 3950 4134 4013 sextu-

1214 4070 1584 4167 plicatum,
1622 4076 1781 4152 etc„
1822 4065 2213 4138 secundum
2250 4063 2676 4162 qualitatem
2709 4065 2992 4139 indicis.

1620 4199 1728 4274 Ut
1762 4196 1907 4272 sint
1942 4203 2089 4270 235
2122 4197 2678 4294 multiplicanda
2709 4199 2804 4272 ad
2835 4197 3146 4272 indicem
3181 4208 3251 4285 4,
3297 4225 3424 4272 seu
3459 4201 4128 4299 quadruplicanda:

1516 4329 1762 4404 Primo
1804 4329 2210 4427 multiplica
2252 4329 2604 4404 unitatem
2637 4355 2769 4427 per
2803 4337 2948 4403 235
2985 4329 3324 4417 radicem,
3373 4343 3447 4406 et
3485 4333 3671 4407 fiunt
3705 4341 3851 4408 235
3883 4365 3904 4426 ;
3970 4361 4131 4432 quae

1516 4463 1832 4538 secundo
1892 4464 2035 4536 duc
2094 4461 2170 4534 in
2230 4462 2550 4536 radicem
2611 4469 2780 4548 235,
2841 4463 3159 4560 fientque
3217 4472 3487 4550 55225,
3552 4467 3809 4541 oblatae
3860 4468 4131 4543 radicis

1514 4594 2013 4693 duplicatum3
2088 4595 2283 4692 quod
2338 4607 2411 4668 et
2465 4621 2595 4692 per
2649 4593 2967 4668 radicem
3019 4595 3232 4669 tertio
3279 4596 3780 4694 multiplicato,
3835 4611 3910 4674 et
3957 4601 4132 4676 fient

1524 4735 1935 4816 12977875,
2004 4727 2263 4802 oblatae
2324 4726 2820 4825 triplicatum3
2894 4726 3089 4824 quod
3140 4727 3380 4802 adhuc
3428 4755 3562 4827 per
3607 4731 3932 4806 radicem
3984 4741 4132 4808 235

1519 4863 1777 4957 quarta
1826 4859 1981 4933 vice
2030 4858 2534 4957 multiplicato,
2585 4871 2658 4933 et
2701 4861 2877 4934 fient
2923 4861 3441 4950 3049800625,
3497 4875 3823 4960 optatum
3873 4867 4134 4942 oblatae

1516 4989 1783 5064 radicis
1832 4991 2484 5088 quadruplicatum.
