4842 6219
1109 822 1194 882 32
2034 815 2170 880 DE
2223 814 2487 881 ARTE
2536 812 3107 881 LOGISTICA.

1414 1035 1589 1133 quia
1619 1044 1666 1109 5
1701 1033 2003 1110 inferius
2045 1034 2331 1109 minora
2373 1044 2545 1108 sunt
2590 1041 2636 1107 8
2680 1033 3149 1133 suprapositis
3158 1064 3199 1125 ·;
3260 1033 3552 1107 tandem
3603 1031 3806 1108 aufer
3849 1042 3897 1105 5
3946 1060 4039 1106 ex

1415 1176 1484 1255 8,
1535 1179 1608 1243 et
1649 1178 2036 1266 supersunt
2075 1174 2146 1255 3,
2195 1167 2477 1266 integre
2520 1166 3138 1265 superscribenda,
3188 1165 3365 1263 quia
3410 1164 3599 1239 nihil
3646 1176 3810 1264 post
3859 1166 4038 1240 exti-

1411 1328 1604 1377 mam
1654 1302 1964 1401 figuram
2015 1302 2418 1399 subjectum
2468 1300 2796 1398 sequitur
2835 1302 3031 1398 quod
3069 1310 3417 1398 exuperat
3450 1298 3982 1397 superpositum
4014 1328 4033 1374 z

1415 1433 1516 1509 Et
1558 1435 1666 1509 ita
1703 1433 1930 1509 habes
1971 1434 2342 1508 residuum
2387 1433 2793 1531 quaesitum,
2845 1432 3362 1521 2690997393.

1517 1567 1762 1665 Hujus
1818 1567 2053 1665 operis
2107 1592 2407 1641 examen
2453 1567 2538 1639 fit
2576 1565 3169 1664 pen—addendo
3218 1563 3619 1653 47156705
3664 1564 3761 1637 ad
3810 1563 4037 1647 2690-

1410 1706 1729 1788 997393,
1787 1712 1861 1775 et
1917 1700 2392 1774 restituentur
2450 1708 2547 1788 27
2550 1706 2688 1773 381
2698 1704 2999 1789 54098;
3079 1698 3195 1772 vel
3256 1695 4039 1795 per,—substrahendo

1421 1832 1918 1922 2690997393
1964 1859 2052 1907 ex
2097 1839 2617 1922 2738154098,
2667 1844 2740 1907 et
2783 1833 3255 1907 restituentur
3294 1830 3692 1920 47156705
3723 1859 3742 1905 :
3798 1831 3901 1906 Et
3933 1832 4039 1907 ita.

1413 1968 1492 2039 in
1527 1966 1708 2041 aliis,

1565 2266 1802 2339 Aliud
1835 2266 2263 2365 exemplum,
2301 2277 2374 2341 et
2407 2265 2799 2364 superioris
2832 2266 3225 2340 additionis
3259 2290 3583 2340 examen.

1515 2495 1679 2571 Sint
1737 2496 2267 2572 substrahenda
2325 2496 2620 2571 863556
2674 2522 2765 2571 ex
2827 2496 3241 2585 10618418,
3302 2498 3634 2571 residuus
3690 2522 4033 2571 numerus

1411 2630 1553 2704 erit
1607 2630 1976 2719 9754862,
2040 2642 2124 2705 ut
2179 2630 2507 2729 superius
2556 2631 2635 2704 in
2679 2630 3071 2705 additione.
3178 2631 3387 2705 Idem
3439 2631 3813 2729 proveniet
3870 2630 3933 2703 si
3992 2632 4034 2703 ὲ

1412 2764 1686 2839 dextris
1721 2764 2212 2839 sinistrorsum
2245 2775 2582 2863 operatus
2616 2764 2857 2839 fueris.

1214 3032 1294 3106 Si
1331 3032 1676 3107 offeratur
1706 3034 1938 3132 major
1967 3057 2310 3107 numerus
2345 3057 2436 3106 ex
2467 3032 2747 3106 minore
2780 3029 3369 3118 substrahendus,
3398 3030 3751 3105 minorem
3772 3030 4031 3103 nihilo-

1111 3164 1352 3240 minus
1387 3192 1666 3265 semper
1699 3193 1790 3242 ex
1819 3169 2113 3265 majore,
2161 3192 2293 3264 per
2325 3166 2792 3264 praemissam,
2832 3164 3245 3240 substrahes
3274 3195 3295 3257 3
3356 3167 3627 3252 verum,
3664 3164 4034 3239 residuum

1111 3299 1534 3374 minutionis
1569 3301 1826 3399 copula
1854 3301 2314 3399 praenotabis,
2353 3310 2427 3373 et
2459 3300 2630 3374 inde
2661 3324 3005 3374 numerus
3039 3297 3431 3372 defectivus
3465 3297 3757 3373 orietur.

1513 3433 1622 3508 Ut
1667 3433 1813 3507 sint
1859 3432 2389 3508 substrahenda
2438 3432 2829 3508 10618418
2876 3459 2966 3507 ex
3013 3431 3327 3519 863556‚
3365 3433 3513 3518 fiat,
3551 3458 3683 3529 per
3716 3433 4031 3531 praemis-

1412 3590 1588 3651 sam,
1639 3567 2071 3640 substractio
2104 3566 2364 3639 horum
2396 3592 2488 3640 ex
2519 3565 2687 3652 illis,
2737 3576 2812 3640 et
2850 3565 3276 3665 provenient
3316 3567 3437 3661 (ut
3468 3565 3549 3638 in
3580 3566 4030 3663 praecedente

1412 3699 1776 3797 exemplo)
1803 3698 2171 3787 9754862,
2198 3724 2382 3796 quae‚
2414 3724 2762 3773 conversa
2788 3698 2869 3772 in
2902 3699 3352 3788 -9754862
3379 3699 3832 3785 defectivum,
3862 3709 4031 3773 sunt

1411 3805 1742 3906 residuus
1795 3857 2138 3907 numerus
2192 3831 2589 3929 quaesitus3
2656 3843 2739 3906 ut
2792 3833 2885 3907 de
2939 3832 3465 3930 quantitatibus
3507 3830 3899 3919 defectiviS‚
3952 3833 4029 3906 in

1411 3991 1696 4064 genere,
1749 3965 2076 4064 superius
2122 3963 2462 4052 diximuS,
2507 3964 2675 4039 Lib.
2716 3965 2779 4039 Ι.
2817 3991 2971 4065 cap.
3010 3966 3079 4042 6.

2240 4321 2657 4406 CAPUT
2734 4321 2923 4410 III..

1745 4560 1863 4619 DE
1906 4559 2736 4621 MULTIPLICATIONE
2778 4557 3398 4620 INTEGRORUM.

1211 4767 1848 4842 MULTIPLICATIO
1884 4777 2012 4841 aut
2043 4777 2152 4841 est
2183 4791 2314 4864 per
2348 4765 2659 4854 unicam,
2698 4777 2825 4840 aut
2856 4766 3099 4865 plures
3132 4766 3423 4864 figuras·

1210 4899 1731 4996 Multiplicatio
1763 4924 1896 4998 per
1927 4898 2239 4984 unicam,
2279 4909 2406 4972 aut
2438 4909 2548 4972 est
2582 4898 2795 4972 unius
2830 4909 2957 4972 aut
2988 4898 3330 4996 plurium.
