<?xml version="1.0" encoding="UTF-8"?>
<!DOCTYPE html PUBLIC "-//W3C//DTD XHTML 1.0 Transitional//EN"
    "http://www.w3.org/TR/xhtml1/DTD/xhtml1-transitional.dtd">
<html xmlns="http://www.w3.org/1999/xhtml" xml:lang="en" lang="en">
 <head>
  <title>
</title>
<meta http-equiv="Content-Type" content="text/html;charset=utf-8" />
  <meta name='ocr-system' content='tesseract 3.04.00' />
  <meta name='ocr-capabilities' content='ocr_page ocr_carea ocr_par ocr_line ocrx_word'/>
</head>
<body>
  <div class='ocr_page' id='page_1' title='image "./deartelogistica00unkngoog_0191.png"; bbox 0 0 4842 6219; ppageno 0'>
   <div class='ocr_carea' id='block_1_1' title="bbox 1673 880 3689 959">
    <p class='ocr_par' dir='ltr' id='par_1_1' title="bbox 1673 880 3689 959">
     <span class='ocr_line' id='line_1_1' title="bbox 1673 880 3689 959; baseline 0.001 -14"><span class='ocrx_word' id='word_1_1' title='bbox 1673 880 1810 947; x_wconf 91' lang='lat' dir='ltr'><strong>DE</strong></span> <span class='ocrx_word' id='word_1_2' title='bbox 1861 880 2131 949; x_wconf 88' lang='lat' dir='ltr'><strong>ARTE</strong></span> <span class='ocrx_word' id='word_1_3' title='bbox 2180 881 2756 951; x_wconf 83' lang='lat' dir='ltr'>LOGISTICA.</span> <span class='ocrx_word' id='word_1_4' title='bbox 3604 884 3689 959; x_wconf 81' lang='lat'><strong>69</strong></span> 
     </span>
    </p>
   </div>
   <div class='ocr_carea' id='block_1_2' title="bbox 739 1100 3683 2406">
    <p class='ocr_par' dir='ltr' id='par_1_2' title="bbox 749 1100 3681 1337">
     <span class='ocr_line' id='line_1_2' title="bbox 849 1100 3681 1203; baseline 0 -24"><span class='ocrx_word' id='word_1_5' title='bbox 849 1102 1294 1203; x_wconf 81' lang='lat' dir='ltr'><strong>Vulgarium</strong></span> <span class='ocrx_word' id='word_1_6' title='bbox 1339 1100 1776 1177; x_wconf 82' lang='lat' dir='ltr'><strong>fractionum</strong></span> <span class='ocrx_word' id='word_1_7' title='bbox 1822 1102 2390 1179; x_wconf 77' lang='lat' dir='ltr'><strong>nominationem</strong></span> <span class='ocrx_word' id='word_1_8' title='bbox 2430 1113 2836 1202; x_wconf 89' lang='lat' dir='ltr'><strong>sequuntur</strong></span> <span class='ocrx_word' id='word_1_9' title='bbox 2876 1102 3349 1203; x_wconf 78' lang='lat' dir='ltr'><strong>operationes,</strong></span> <span class='ocrx_word' id='word_1_10' title='bbox 3386 1114 3461 1178; x_wconf 91' lang='lat' dir='ltr'><strong>et</strong></span> <span class='ocrx_word' id='word_1_11' title='bbox 3492 1128 3681 1179; x_wconf 89' lang='lat' dir='ltr'><strong>com-</strong></span> 
     </span>
     <span class='ocr_line' id='line_1_3' title="bbox 749 1235 1538 1337; baseline -0.004 -24"><span class='ocrx_word' id='word_1_12' title='bbox 749 1235 1210 1337; x_wconf 81' lang='lat' dir='ltr'><strong>putationum</strong></span> <span class='ocrx_word' id='word_1_13' title='bbox 1253 1260 1538 1334; x_wconf 78' lang='lat' dir='ltr'><strong>praxes-</strong></span> 
     </span>
    </p>

    <p class='ocr_par' dir='ltr' id='par_1_3' title="bbox 739 1368 3683 2406">
     <span class='ocr_line' id='line_1_4' title="bbox 851 1368 3681 1471; baseline 0.001 -27"><span class='ocrx_word' id='word_1_14' title='bbox 851 1370 1074 1469; x_wconf 84' lang='lat' dir='ltr'><strong>Ergo,</strong></span> <span class='ocrx_word' id='word_1_15' title='bbox 1112 1371 1355 1468; x_wconf 87' lang='lat' dir='ltr'><strong>quoad</strong></span> <span class='ocrx_word' id='word_1_16' title='bbox 1384 1368 1670 1468; x_wconf 82' lang='lat' dir='ltr'><strong>praxin,</strong></span> <span class='ocrx_word' id='word_1_17' title='bbox 1707 1369 2121 1445; x_wconf 78' lang='lat' dir='ltr'><strong>reducimus</strong></span> <span class='ocrx_word' id='word_1_18' title='bbox 2160 1370 2531 1471; x_wconf 83' lang='lat' dir='ltr'><strong>integrum</strong></span> <span class='ocrx_word' id='word_1_19' title='bbox 2571 1372 2663 1447; x_wconf 84' lang='lat' dir='ltr'><strong>ad</strong></span> <span class='ocrx_word' id='word_1_20' title='bbox 2708 1370 3085 1447; x_wconf 86' lang='lat' dir='ltr'><strong>fractionis</strong></span> <span class='ocrx_word' id='word_1_21' title='bbox 3131 1370 3467 1471; x_wconf 87' lang='lat' dir='ltr'><strong>speciem,</strong></span> <span class='ocrx_word' id='word_1_22' title='bbox 3518 1373 3681 1447; x_wconf 84' lang='lat' dir='ltr'><strong>sub-</strong></span> 
     </span>
     <span class='ocr_line' id='line_1_5' title="bbox 739 1502 3683 1603; baseline 0.001 -26"><span class='ocrx_word' id='word_1_23' title='bbox 739 1502 1062 1602; x_wconf 85' lang='lat' dir='ltr'><strong>jiciendo</strong></span> <span class='ocrx_word' id='word_1_24' title='bbox 1093 1502 1446 1579; x_wconf 88' lang='lat' dir='ltr'><strong>unitatem</strong></span> <span class='ocrx_word' id='word_1_25' title='bbox 1477 1528 1614 1603; x_wconf 87' lang='lat' dir='ltr'><strong>pro</strong></span> <span class='ocrx_word' id='word_1_26' title='bbox 1646 1502 2210 1591; x_wconf 85' lang='lat' dir='ltr'><strong>denominatore,</strong></span> <span class='ocrx_word' id='word_1_27' title='bbox 2247 1514 2323 1579; x_wconf 89' lang='lat' dir='ltr'><strong>et</strong></span> <span class='ocrx_word' id='word_1_28' title='bbox 2345 1504 2850 1580; x_wconf 75' lang='lat' dir='ltr'><strong>abbreviamus</strong></span> <span class='ocrx_word' id='word_1_29' title='bbox 2876 1504 3313 1580; x_wconf 79' lang='lat' dir='ltr'><strong>fractionum</strong></span> <span class='ocrx_word' id='word_1_30' title='bbox 3340 1504 3683 1581; x_wconf 89' lang='lat' dir='ltr'><strong>terminos</strong></span> 
     </span>
     <span class='ocr_line' id='line_1_6' title="bbox 749 1636 3681 1737; baseline 0.001 -26"><span class='ocrx_word' id='word_1_31' title='bbox 749 1662 980 1736; x_wconf 85' lang='lat' dir='ltr'><strong>quum</strong></span> <span class='ocrx_word' id='word_1_32' title='bbox 1023 1636 1490 1725; x_wconf 82' lang='lat' dir='ltr'><strong>accreverint,</strong></span> <span class='ocrx_word' id='word_1_33' title='bbox 1545 1636 1928 1737; x_wconf 82' lang='lat' dir='ltr'><strong>partiendo</strong></span> <span class='ocrx_word' id='word_1_34' title='bbox 1973 1662 2096 1712; x_wconf 89' lang='lat' dir='ltr'><strong>eos</strong></span> <span class='ocrx_word' id='word_1_35' title='bbox 2140 1662 2272 1737; x_wconf 89' lang='lat' dir='ltr'><strong>per</strong></span> <span class='ocrx_word' id='word_1_36' title='bbox 2317 1664 2531 1713; x_wconf 90' lang='lat' dir='ltr'><strong>suum</strong></span> <span class='ocrx_word' id='word_1_37' title='bbox 2573 1636 2973 1713; x_wconf 84' lang='lat' dir='ltr'><strong>maximum</strong></span> <span class='ocrx_word' id='word_1_38' title='bbox 3012 1664 3467 1713; x_wconf 90' lang='lat' dir='ltr'><strong>communem</strong></span> <span class='ocrx_word' id='word_1_39' title='bbox 3503 1638 3681 1714; x_wconf 87' lang='lat' dir='ltr'><strong>divi-</strong></span> 
     </span>
     <span class='ocr_line' id='line_1_7' title="bbox 749 1768 3680 1871; baseline 0.001 -26"><span class='ocrx_word' id='word_1_40' title='bbox 749 1795 1006 1857; x_wconf 82' lang='lat' dir='ltr'><strong>sorem,</strong></span> <span class='ocrx_word' id='word_1_41' title='bbox 1070 1795 1288 1869; x_wconf 91' lang='lat' dir='ltr'><strong>quem</strong></span> <span class='ocrx_word' id='word_1_42' title='bbox 1343 1768 1568 1847; x_wconf 86' lang='lat' dir='ltr'><strong>etiam</strong></span> <span class='ocrx_word' id='word_1_43' title='bbox 1617 1770 2026 1845; x_wconf 83' lang='lat' dir='ltr'><strong>invenimus</strong></span> <span class='ocrx_word' id='word_1_44' title='bbox 2077 1770 2420 1847; x_wconf 63' lang='lat' dir='ltr'><strong>continua</strong></span> <span class='ocrx_word' id='word_1_45' title='bbox 2468 1769 2861 1871; x_wconf 78' lang='lat' dir='ltr'><strong>partitione</strong></span> <span class='ocrx_word' id='word_1_46' title='bbox 2908 1770 3283 1870; x_wconf 85' lang='lat' dir='ltr'><strong>partitoris</strong></span> <span class='ocrx_word' id='word_1_47' title='bbox 3333 1797 3465 1870; x_wconf 91' lang='lat' dir='ltr'><strong>per</strong></span> <span class='ocrx_word' id='word_1_48' title='bbox 3514 1798 3680 1847; x_wconf 84' lang='lat' dir='ltr'><strong>suas</strong></span> 
     </span>
     <span class='ocr_line' id='line_1_8' title="bbox 746 1902 3679 2003; baseline 0.001 -24"><span class='ocrx_word' id='word_1_49' title='bbox 746 1902 1114 2002; x_wconf 73' lang='lat' dir='ltr'><strong>reliquiae,</strong></span> <span class='ocrx_word' id='word_1_50' title='bbox 1175 1905 1408 1980; x_wconf 88' lang='lat' dir='ltr'><strong>donec</strong></span> <span class='ocrx_word' id='word_1_51' title='bbox 1455 1903 1648 1979; x_wconf 93' lang='lat' dir='ltr'><strong>nihil</strong></span> <span class='ocrx_word' id='word_1_52' title='bbox 1693 1905 2174 1997; x_wconf 79' lang='lat' dir='ltr'><strong>remanserit3</strong></span> <span class='ocrx_word' id='word_1_53' title='bbox 2237 1906 2459 2003; x_wconf 81' lang='lat' dir='ltr'><strong>a&#39;tque</strong></span> <span class='ocrx_word' id='word_1_54' title='bbox 2507 1904 2725 2003; x_wconf 86' lang='lat' dir='ltr'><strong>hujus</strong></span> <span class='ocrx_word' id='word_1_55' title='bbox 2778 1904 3130 1980; x_wconf 87' lang='lat' dir='ltr'><strong>beneficio</strong></span> <span class='ocrx_word' id='word_1_56' title='bbox 3181 1904 3505 1980; x_wconf 86' lang='lat' dir='ltr'><strong>diversas</strong></span> <span class='ocrx_word' id='word_1_57' title='bbox 3558 1908 3679 1981; x_wconf 91' lang='lat' dir='ltr'><strong>de-</strong></span> 
     </span>
     <span class='ocr_line' id='line_1_9' title="bbox 745 2036 3677 2131; baseline 0.001 -18"><span class='ocrx_word' id='word_1_58' title='bbox 745 2036 1274 2113; x_wconf 68' lang='lat' dir='ltr'><strong>nominationes</strong></span> <span class='ocrx_word' id='word_1_59' title='bbox 1317 2038 1415 2113; x_wconf 88' lang='lat' dir='ltr'><strong>ad</strong></span> <span class='ocrx_word' id='word_1_60' title='bbox 1452 2039 1760 2114; x_wconf 90' lang='lat' dir='ltr'><strong>eandem</strong></span> <span class='ocrx_word' id='word_1_61' title='bbox 1799 2038 2258 2131; x_wconf 87' lang='lat' dir='ltr'><strong>reducimus;</strong></span> <span class='ocrx_word' id='word_1_62' title='bbox 2311 2038 2651 2113; x_wconf 88' lang='lat' dir='ltr'><strong>reductas</strong></span> <span class='ocrx_word' id='word_1_63' title='bbox 2692 2038 2985 2113; x_wconf 86' lang='lat' dir='ltr'><strong>tandem</strong></span> <span class='ocrx_word' id='word_1_64' title='bbox 3027 2037 3360 2114; x_wconf 80' lang='lat' dir='ltr'><strong>addimus</strong></span> <span class='ocrx_word' id='word_1_65' title='bbox 3400 2050 3475 2113; x_wconf 89' lang='lat' dir='ltr'><strong>et</strong></span> <span class='ocrx_word' id='word_1_66' title='bbox 3514 2041 3677 2115; x_wconf 90' lang='lat' dir='ltr'><strong>sub-</strong></span> 
     </span>
     <span class='ocr_line' id='line_1_10' title="bbox 745 2170 3676 2273; baseline -0 -25"><span class='ocrx_word' id='word_1_67' title='bbox 745 2170 1160 2261; x_wconf 82' lang='lat' dir='ltr'><strong>strahimus,</strong></span> <span class='ocrx_word' id='word_1_68' title='bbox 1197 2172 1277 2247; x_wconf 92' lang='lat' dir='ltr'><strong>in</strong></span> <span class='ocrx_word' id='word_1_69' title='bbox 1307 2171 1644 2248; x_wconf 89' lang='lat' dir='ltr'><strong>omnibus</strong></span> <span class='ocrx_word' id='word_1_70' title='bbox 1669 2184 1744 2249; x_wconf 90' lang='lat' dir='ltr'><strong>et</strong></span> <span class='ocrx_word' id='word_1_71' title='bbox 1766 2198 1898 2272; x_wconf 89' lang='lat' dir='ltr'><strong>per</strong></span> <span class='ocrx_word' id='word_1_72' title='bbox 1923 2172 2188 2261; x_wconf 88' lang='lat' dir='ltr'><strong>omnia,</strong></span> <span class='ocrx_word' id='word_1_73' title='bbox 2215 2173 2433 2272; x_wconf 83' lang='lat' dir='ltr'><strong>juxta</strong></span> <span class='ocrx_word' id='word_1_74' title='bbox 2456 2172 2767 2247; x_wconf 83' lang='lat' dir='ltr'><strong>canones</strong></span> <span class='ocrx_word' id='word_1_75' title='bbox 2794 2172 3286 2271; x_wconf 76' lang='lat' dir='ltr'><strong>quantitatum</strong></span> <span class='ocrx_word' id='word_1_76' title='bbox 3308 2172 3389 2247; x_wconf 92' lang='lat' dir='ltr'><strong>in</strong></span> <span class='ocrx_word' id='word_1_77' title='bbox 3412 2198 3676 2273; x_wconf 86' lang='lat' dir='ltr'><strong>genere</strong></span> 
     </span>
     <span class='ocr_line' id='line_1_11' title="bbox 741 2304 1794 2406; baseline 0 -25"><span class='ocrx_word' id='word_1_78' title='bbox 741 2330 900 2406; x_wconf 86' lang='lat' dir='ltr'><strong>cap.</strong></span> <span class='ocrx_word' id='word_1_79' title='bbox 931 2316 984 2395; x_wconf 91' lang='lat'><strong>7</strong></span> <span class='ocrx_word' id='word_1_80' title='bbox 1017 2304 1184 2382; x_wconf 91' lang='lat' dir='ltr'><strong>Lib.</strong></span> <span class='ocrx_word' id='word_1_81' title='bbox 1223 2306 1288 2381; x_wconf 92' lang='grc' dir='ltr'><strong>Ι.</strong></span> <span class='ocrx_word' id='word_1_82' title='bbox 1323 2306 1794 2406; x_wconf 87' lang='lat' dir='ltr'><strong>conscriptos.</strong></span> 
     </span>
    </p>
   </div>
   <div class='ocr_carea' id='block_1_3' title="bbox 1015 2440 3677 5072">
    <p class='ocr_par' dir='ltr' id='par_1_4' title="bbox 1015 2440 3677 5072">
     <span class='ocr_line' id='line_1_12' title="bbox 1143 2440 3676 2541; baseline 0 -24"><span class='ocrx_word' id='word_1_83' title='bbox 1143 2441 1254 2517; x_wconf 89' lang='lat' dir='ltr'><strong>Ut</strong></span> <span class='ocrx_word' id='word_1_84' title='bbox 1285 2440 1636 2530; x_wconf 79' lang='lat' dir='ltr'><strong>binarius,</strong></span> <span class='ocrx_word' id='word_1_85' title='bbox 1679 2466 2024 2517; x_wconf 86' lang='lat' dir='ltr'><strong>numerus</strong></span> <span class='ocrx_word' id='word_1_86' title='bbox 2065 2442 2372 2541; x_wconf 86' lang='lat' dir='ltr'><strong>integer,</strong></span> <span class='ocrx_word' id='word_1_87' title='bbox 2421 2440 2797 2517; x_wconf 84' lang='lat' dir='ltr'><strong>reducitur</strong></span> <span class='ocrx_word' id='word_1_88' title='bbox 2831 2442 2928 2517; x_wconf 83' lang='lat' dir='ltr'><strong>ad</strong></span> <span class='ocrx_word' id='word_1_89' title='bbox 2960 2440 3273 2541; x_wconf 87' lang='lat' dir='ltr'><strong>speciem</strong></span> <span class='ocrx_word' id='word_1_90' title='bbox 3302 2440 3676 2517; x_wconf 85' lang='lat' dir='ltr'><strong>fractionis</strong></span> 
     </span>
     <span class='ocr_line' id='line_1_13' title="bbox 1039 2574 3673 2679; baseline 0 -29"><span class='ocrx_word' id='word_1_91' title='bbox 1039 2600 1206 2651; x_wconf 88' lang='lat' dir='ltr'><strong>cum</strong></span> <span class='ocrx_word' id='word_1_92' title='bbox 1247 2575 1332 2650; x_wconf 88' lang='lat' dir='ltr'><strong>fit</strong></span> <span class='ocrx_word' id='word_1_93' title='bbox 1361 2579 1438 2677; x_wconf 54' lang='lat' dir='ltr'><strong>ff.</strong></span> <span class='ocrx_word' id='word_1_94' title='bbox 1541 2574 1663 2651; x_wconf 90' lang='lat' dir='ltr'><strong>Sic</strong></span> <span class='ocrx_word' id='word_1_95' title='bbox 1695 2582 1746 2651; x_wconf 84' lang='lat'><strong>3</strong></span> <span class='ocrx_word' id='word_1_96' title='bbox 1779 2576 1878 2651; x_wconf 89' lang='lat' dir='ltr'><strong>ad</strong></span> <span class='ocrx_word' id='word_1_97' title='bbox 1905 2578 1980 2678; x_wconf 51' lang='grc' dir='ltr'><strong>οἳ,</strong></span> <span class='ocrx_word' id='word_1_98' title='bbox 2035 2587 2112 2651; x_wconf 91' lang='lat' dir='ltr'><strong>et</strong></span> <span class='ocrx_word' id='word_1_99' title='bbox 2141 2584 2192 2651; x_wconf 82' lang='lat'><em>4</em></span> <span class='ocrx_word' id='word_1_100' title='bbox 2225 2576 2324 2651; x_wconf 89' lang='lat' dir='ltr'><strong>ad</strong></span> <span class='ocrx_word' id='word_1_101' title='bbox 2353 2578 2429 2679; x_wconf 51' lang='grc' dir='ltr'><strong>ᾗ,</strong></span> <span class='ocrx_word' id='word_1_102' title='bbox 2484 2586 2559 2651; x_wconf 89' lang='lat' dir='ltr'><strong>et</strong></span> <span class='ocrx_word' id='word_1_103' title='bbox 2591 2584 2640 2650; x_wconf 92' lang='lat'><em>5</em></span> <span class='ocrx_word' id='word_1_104' title='bbox 2674 2577 2773 2651; x_wconf 91' lang='lat' dir='ltr'><strong>ad</strong></span> <span class='ocrx_word' id='word_1_105' title='bbox 2800 2578 2877 2678; x_wconf 50' lang='grc' dir='ltr'><strong>ἢ,</strong></span> <span class='ocrx_word' id='word_1_106' title='bbox 2930 2574 3127 2650; x_wconf 90' lang='lat' dir='ltr'><strong>idem</strong></span> <span class='ocrx_word' id='word_1_107' title='bbox 3171 2575 3367 2651; x_wconf 91' lang='lat' dir='ltr'><strong>enim</strong></span> <span class='ocrx_word' id='word_1_108' title='bbox 3410 2577 3673 2652; x_wconf 87' lang='lat' dir='ltr'><strong>valent.</strong></span> 
     </span>
     <span class='ocr_line' id='line_1_14' title="bbox 1048 2709 3677 2811; baseline 0 -26"><span class='ocrx_word' id='word_1_109' title='bbox 1048 2709 1586 2787; x_wconf 86' lang='lat' dir='ltr'><strong>Abbreviamus</strong></span> <span class='ocrx_word' id='word_1_110' title='bbox 1635 2710 1858 2785; x_wconf 84' lang='lat' dir='ltr'><strong>etiam</strong></span> <span class='ocrx_word' id='word_1_111' title='bbox 1905 2710 2252 2785; x_wconf 85' lang='lat' dir='ltr'><strong>terminos</strong></span> <span class='ocrx_word' id='word_1_112' title='bbox 2295 2710 2518 2809; x_wconf 88' lang='lat' dir='ltr'><strong>hujus</strong></span> <span class='ocrx_word' id='word_1_113' title='bbox 2568 2709 2961 2799; x_wconf 73' lang='lat' dir='ltr'><strong>fractioniS,</strong></span> <span class='ocrx_word' id='word_1_114' title='bbox 3002 2712 3127 2811; x_wconf 68' lang='lat'><strong>1⁶62</strong></span> <span class='ocrx_word' id='word_1_115' title='bbox 3174 2710 3557 2810; x_wconf 83' lang='lat' dir='ltr'><strong>partiendo</strong></span> <span class='ocrx_word' id='word_1_116' title='bbox 3603 2723 3677 2785; x_wconf 91' lang='lat' dir='ltr'><strong>et</strong></span> 
     </span>
     <span class='ocr_line' id='line_1_15' title="bbox 1037 2841 3675 2942; baseline -0.001 -23"><span class='ocrx_word' id='word_1_117' title='bbox 1037 2854 1574 2920; x_wconf 88' lang='lat' dir='ltr'><strong>numeratorem</strong></span> <span class='ocrx_word' id='word_1_118' title='bbox 1613 2854 1688 2919; x_wconf 90' lang='lat' dir='ltr'><strong>et</strong></span> <span class='ocrx_word' id='word_1_119' title='bbox 1729 2843 2351 2919; x_wconf 87' lang='lat' dir='ltr'><strong>denominatorem</strong></span> <span class='ocrx_word' id='word_1_120' title='bbox 2379 2867 2516 2942; x_wconf 90' lang='lat' dir='ltr'><strong>per</strong></span> <span class='ocrx_word' id='word_1_121' title='bbox 2548 2868 2759 2917; x_wconf 88' lang='lat' dir='ltr'><strong>suum</strong></span> <span class='ocrx_word' id='word_1_122' title='bbox 2790 2841 3189 2917; x_wconf 84' lang='lat' dir='ltr'><strong>maximum</strong></span> <span class='ocrx_word' id='word_1_123' title='bbox 3220 2868 3675 2918; x_wconf 91' lang='lat' dir='ltr'><strong>communem</strong></span> 
     </span>
     <span class='ocr_line' id='line_1_16' title="bbox 1038 2976 3671 3079; baseline -0.002 -26"><span class='ocrx_word' id='word_1_124' title='bbox 1038 2977 1426 3053; x_wconf 85' lang='lat' dir='ltr'><strong>divisorem</strong></span> <span class='ocrx_word' id='word_1_125' title='bbox 1483 2985 1554 3067; x_wconf 86' lang='grc'><strong>2,</strong></span> <span class='ocrx_word' id='word_1_126' title='bbox 1613 2987 1688 3053; x_wconf 89' lang='lat' dir='ltr'><strong>et</strong></span> <span class='ocrx_word' id='word_1_127' title='bbox 1736 2978 1912 3053; x_wconf 89' lang='lat' dir='ltr'><strong>fient</strong></span> <span class='ocrx_word' id='word_1_128' title='bbox 1961 2980 2036 3079; x_wconf 61' lang='grc' dir='ltr'><strong>ξ.</strong></span> <span class='ocrx_word' id='word_1_129' title='bbox 2139 2976 2261 3051; x_wconf 93' lang='lat' dir='ltr'><strong>Sic</strong></span> <span class='ocrx_word' id='word_1_130' title='bbox 2307 2977 2433 3077; x_wconf 59' lang='grc' dir='ltr'><strong>Ξ-ᾷ,</strong></span> <span class='ocrx_word' id='word_1_131' title='bbox 2490 2976 2781 3076; x_wconf 76' lang='lat' dir='ltr'><strong>partitae</strong></span> <span class='ocrx_word' id='word_1_132' title='bbox 2832 3000 2965 3075; x_wconf 87' lang='lat' dir='ltr'><strong>per</strong></span> <span class='ocrx_word' id='word_1_133' title='bbox 3014 3000 3225 3051; x_wconf 87' lang='lat' dir='ltr'><strong>suum</strong></span> <span class='ocrx_word' id='word_1_134' title='bbox 3274 2976 3671 3051; x_wconf 84' lang='lat' dir='ltr'><strong>maximum</strong></span> 
     </span>
     <span class='ocr_line' id='line_1_17' title="bbox 1038 3107 3670 3212; baseline -0.003 -22"><span class='ocrx_word' id='word_1_135' title='bbox 1038 3137 1492 3190; x_wconf 90' lang='lat' dir='ltr'><strong>communem</strong></span> <span class='ocrx_word' id='word_1_136' title='bbox 1537 3111 1928 3188; x_wconf 86' lang='lat' dir='ltr'><strong>divisorem</strong></span> <span class='ocrx_word' id='word_1_137' title='bbox 1957 3122 2034 3202; x_wconf 91' lang='lat'><strong>7,</strong></span> <span class='ocrx_word' id='word_1_138' title='bbox 2080 3112 2266 3186; x_wconf 89' lang='lat' dir='ltr'><strong>fiunt</strong></span> <span class='ocrx_word' id='word_1_139' title='bbox 2295 3114 2371 3212; x_wconf 58' lang='grc' dir='ltr'><strong>ἦ.</strong></span> <span class='ocrx_word' id='word_1_140' title='bbox 2475 3112 2724 3199; x_wconf 83' lang='lat' dir='ltr'><strong>Quem</strong></span> <span class='ocrx_word' id='word_1_141' title='bbox 2770 3107 2995 3185; x_wconf 86' lang='lat' dir='ltr'><strong>etiam</strong></span> <span class='ocrx_word' id='word_1_142' title='bbox 3042 3107 3439 3184; x_wconf 81' lang='lat' dir='ltr'><strong>maximum</strong></span> <span class='ocrx_word' id='word_1_143' title='bbox 3489 3107 3670 3184; x_wconf 89' lang='lat' dir='ltr'><strong>divi-</strong></span> 
     </span>
     <span class='ocr_line' id='line_1_18' title="bbox 1037 3244 3662 3345; baseline -0.002 -23"><span class='ocrx_word' id='word_1_144' title='bbox 1037 3271 1273 3322; x_wconf 87' lang='lat' dir='ltr'><strong>sorem</strong></span> <span class='ocrx_word' id='word_1_145' title='bbox 1322 3245 1598 3323; x_wconf 90' lang='lat' dir='ltr'><strong>ibidem</strong></span> <span class='ocrx_word' id='word_1_146' title='bbox 1649 3246 1756 3322; x_wconf 90' lang='lat' dir='ltr'><strong>sic</strong></span> <span class='ocrx_word' id='word_1_147' title='bbox 1803 3245 2177 3322; x_wconf 84' lang='lat' dir='ltr'><strong>invenies:</strong></span> <span class='ocrx_word' id='word_1_148' title='bbox 2249 3244 2527 3345; x_wconf 84' lang='lat' dir='ltr'><strong>partire</strong></span> <span class='ocrx_word' id='word_1_149' title='bbox 2575 3251 2675 3326; x_wconf 81' lang='lat'><strong>49</strong></span> <span class='ocrx_word' id='word_1_150' title='bbox 2726 3269 2857 3343; x_wconf 90' lang='lat' dir='ltr'><strong>per</strong></span> <span class='ocrx_word' id='word_1_151' title='bbox 2904 3250 3027 3332; x_wconf 84' lang='lat'><strong>35,</strong></span> <span class='ocrx_word' id='word_1_152' title='bbox 3083 3253 3461 3318; x_wconf 88' lang='lat' dir='ltr'><strong>remanent</strong></span> <span class='ocrx_word' id='word_1_153' title='bbox 3518 3252 3662 3335; x_wconf 77' lang='lat'><strong>143</strong></span> 
     </span>
     <span class='ocr_line' id='line_1_19' title="bbox 1033 3369 3669 3480; baseline -0.002 -24"><span class='ocrx_word' id='word_1_154' title='bbox 1033 3380 1309 3480; x_wconf 87' lang='lat' dir='ltr'><strong>partire</strong></span> <span class='ocrx_word' id='word_1_155' title='bbox 1363 3387 1463 3456; x_wconf 88' lang='grc'><strong>35</strong></span> <span class='ocrx_word' id='word_1_156' title='bbox 1516 3405 1652 3480; x_wconf 88' lang='lat' dir='ltr'><strong>per</strong></span> <span class='ocrx_word' id='word_1_157' title='bbox 1710 3388 1827 3468; x_wconf 83' lang='lat'><strong>14,</strong></span> <span class='ocrx_word' id='word_1_158' title='bbox 1883 3369 2264 3454; x_wconf 85' lang='lat' dir='ltr'><strong>remanent</strong></span> <span class='ocrx_word' id='word_1_159' title='bbox 2311 3389 2414 3470; x_wconf 76' lang='lat'><strong>75</strong></span> <span class='ocrx_word' id='word_1_160' title='bbox 2490 3376 2765 3476; x_wconf 82' lang='lat' dir='ltr'><strong>partire</strong></span> <span class='ocrx_word' id='word_1_161' title='bbox 2822 3385 2917 3452; x_wconf 81' lang='lat'><strong>14</strong></span> <span class='ocrx_word' id='word_1_162' title='bbox 2974 3401 3105 3476; x_wconf 89' lang='lat' dir='ltr'><strong>per</strong></span> <span class='ocrx_word' id='word_1_163' title='bbox 3155 3387 3229 3465; x_wconf 91' lang='lat'><strong>7,</strong></span> <span class='ocrx_word' id='word_1_164' title='bbox 3292 3393 3669 3452; x_wconf 85' lang='lat' dir='ltr'><strong>remanent</strong></span> 
     </span>
     <span class='ocr_line' id='line_1_20' title="bbox 1031 3510 3665 3614; baseline -0.001 -24"><span class='ocrx_word' id='word_1_165' title='bbox 1031 3514 1272 3608; x_wconf 85' lang='lat' dir='ltr'><strong>nihil;</strong></span> <span class='ocrx_word' id='word_1_166' title='bbox 1333 3525 1385 3605; x_wconf 95' lang='lat'><strong>7</strong></span> <span class='ocrx_word' id='word_1_167' title='bbox 1431 3538 1606 3614; x_wconf 87' lang='lat' dir='ltr'><strong>ergo</strong></span> <span class='ocrx_word' id='word_1_168' title='bbox 1653 3524 1822 3589; x_wconf 89' lang='lat' dir='ltr'><strong>sunt</strong></span> <span class='ocrx_word' id='word_1_169' title='bbox 1871 3512 2228 3588; x_wconf 83' lang='lat' dir='ltr'><strong>maximus</strong></span> <span class='ocrx_word' id='word_1_170' title='bbox 2278 3511 2683 3588; x_wconf 90' lang='lat' dir='ltr'><strong>communis</strong></span> <span class='ocrx_word' id='word_1_171' title='bbox 2728 3510 3002 3587; x_wconf 82' lang='lat' dir='ltr'><strong>divisor</strong></span> <span class='ocrx_word' id='word_1_172' title='bbox 3044 3511 3519 3587; x_wconf 86' lang='lat' dir='ltr'><strong>terminorum</strong></span> <span class='ocrx_word' id='word_1_173' title='bbox 3566 3519 3665 3588; x_wconf 84' lang='lat'><strong>35</strong></span> 
     </span>
     <span class='ocr_line' id='line_1_21' title="bbox 1033 3645 3664 3747; baseline -0.002 -23"><span class='ocrx_word' id='word_1_174' title='bbox 1033 3661 1110 3724; x_wconf 86' lang='lat' dir='ltr'><strong>et</strong></span> <span class='ocrx_word' id='word_1_175' title='bbox 1160 3657 1284 3734; x_wconf 75' lang='grc'><strong>49.</strong></span> <span class='ocrx_word' id='word_1_176' title='bbox 1387 3648 1512 3724; x_wconf 90' lang='lat' dir='ltr'><strong>Sic</strong></span> <span class='ocrx_word' id='word_1_177' title='bbox 1569 3649 1794 3724; x_wconf 87' lang='lat' dir='ltr'><strong>etiam</strong></span> <span class='ocrx_word' id='word_1_178' title='bbox 1841 3672 1974 3747; x_wconf 88' lang='lat' dir='ltr'><strong>per</strong></span> <span class='ocrx_word' id='word_1_179' title='bbox 2027 3647 2318 3722; x_wconf 90' lang='lat' dir='ltr'><strong>eosdem</strong></span> <span class='ocrx_word' id='word_1_180' title='bbox 2369 3671 2703 3736; x_wconf 84' lang='lat' dir='ltr'><strong>canones,</strong></span> <span class='ocrx_word' id='word_1_181' title='bbox 2760 3648 2943 3722; x_wconf 88' lang='lat' dir='ltr'><strong>duas</strong></span> <span class='ocrx_word' id='word_1_182' title='bbox 2992 3645 3380 3722; x_wconf 87' lang='lat' dir='ltr'><strong>fractiones</strong></span> <span class='ocrx_word' id='word_1_183' title='bbox 3430 3647 3664 3722; x_wconf 89' lang='lat' dir='ltr'><strong>diver-</strong></span> 
     </span>
     <span class='ocr_line' id='line_1_22' title="bbox 1031 3779 3663 3884; baseline -0.001 -26"><span class='ocrx_word' id='word_1_184' title='bbox 1031 3807 1276 3858; x_wconf 87' lang='lat' dir='ltr'><strong>sarum</strong></span> <span class='ocrx_word' id='word_1_185' title='bbox 1319 3781 2010 3870; x_wconf 85' lang='lat' dir='ltr'><strong>denominationum,</strong></span> <span class='ocrx_word' id='word_1_186' title='bbox 2065 3793 2148 3856; x_wconf 89' lang='lat' dir='ltr'><strong>ut</strong></span> <span class='ocrx_word' id='word_1_187' title='bbox 2185 3781 2344 3883; x_wconf 53' lang='lat' dir='ltr'><strong>&amp;r</strong></span> <span class='ocrx_word' id='word_1_188' title='bbox 2389 3793 2467 3856; x_wconf 89' lang='lat' dir='ltr'><strong>et</strong></span> <span class='ocrx_word' id='word_1_189' title='bbox 2510 3782 2687 3884; x_wconf 57' lang='lat'><strong>&#39;1313’</strong></span> <span class='ocrx_word' id='word_1_190' title='bbox 2744 3781 2843 3856; x_wconf 89' lang='lat' dir='ltr'><strong>ad</strong></span> <span class='ocrx_word' id='word_1_191' title='bbox 2890 3781 3197 3856; x_wconf 85' lang='lat' dir='ltr'><strong>eandem</strong></span> <span class='ocrx_word' id='word_1_192' title='bbox 3245 3779 3663 3856; x_wconf 43' lang='lat' dir='ltr'><strong>denomino?</strong></span> 
     </span>
     <span class='ocr_line' id='line_1_23' title="bbox 1031 3913 3659 4014; baseline -0.001 -24"><span class='ocrx_word' id='word_1_193' title='bbox 1031 3915 1304 3991; x_wconf 88' lang='lat' dir='ltr'><strong>tionem</strong></span> <span class='ocrx_word' id='word_1_194' title='bbox 1353 3917 1656 3992; x_wconf 84' lang='lat' dir='ltr'><strong>reduces</strong></span> <span class='ocrx_word' id='word_1_195' title='bbox 1706 3914 1846 3990; x_wconf 91' lang='lat' dir='ltr'><strong>hoc</strong></span> <span class='ocrx_word' id='word_1_196' title='bbox 1895 3916 2164 3989; x_wconf 85' lang='lat' dir='ltr'><strong>modo:</strong></span> <span class='ocrx_word' id='word_1_197' title='bbox 2225 3913 2503 4014; x_wconf 83' lang='lat' dir='ltr'><strong>partire</strong></span> <span class='ocrx_word' id='word_1_198' title='bbox 2543 3921 2685 3990; x_wconf 93' lang='grc'><strong>132</strong></span> <span class='ocrx_word' id='word_1_199' title='bbox 2724 3926 2801 3990; x_wconf 89' lang='lat' dir='ltr'><strong>et</strong></span> <span class='ocrx_word' id='word_1_200' title='bbox 2839 3921 2981 3989; x_wconf 89' lang='grc'><strong>128</strong></span> <span class='ocrx_word' id='word_1_201' title='bbox 3024 3938 3157 4013; x_wconf 89' lang='lat' dir='ltr'><strong>per</strong></span> <span class='ocrx_word' id='word_1_202' title='bbox 3190 3938 3403 3990; x_wconf 88' lang='lat' dir='ltr'><strong>suum</strong></span> <span class='ocrx_word' id='word_1_203' title='bbox 3433 3914 3659 3988; x_wconf 84' lang='lat' dir='ltr'><strong>maxi·</strong></span> 
     </span>
     <span class='ocr_line' id='line_1_24' title="bbox 1027 4047 3660 4148; baseline -0.001 -24"><span class='ocrx_word' id='word_1_204' title='bbox 1027 4073 1230 4124; x_wconf 88' lang='lat' dir='ltr'><strong>mum</strong></span> <span class='ocrx_word' id='word_1_205' title='bbox 1264 4048 1656 4125; x_wconf 87' lang='lat' dir='ltr'><strong>divisorem</strong></span> <span class='ocrx_word' id='word_1_206' title='bbox 1687 4073 2165 4136; x_wconf 86' lang='lat' dir='ltr'><strong>communem,</strong></span> <span class='ocrx_word' id='word_1_207' title='bbox 2193 4047 2473 4124; x_wconf 89' lang='lat' dir='ltr'><strong>scilicet</strong></span> <span class='ocrx_word' id='word_1_208' title='bbox 2503 4072 2637 4148; x_wconf 88' lang='lat' dir='ltr'><strong>per</strong></span> <span class='ocrx_word' id='word_1_209' title='bbox 2666 4055 2739 4138; x_wconf 77' lang='lat'><strong>4,</strong></span> <span class='ocrx_word' id='word_1_210' title='bbox 2766 4057 2841 4122; x_wconf 89' lang='lat' dir='ltr'><strong>et</strong></span> <span class='ocrx_word' id='word_1_211' title='bbox 2862 4047 3041 4123; x_wconf 88' lang='lat' dir='ltr'><strong>fient</strong></span> <span class='ocrx_word' id='word_1_212' title='bbox 3070 4053 3171 4124; x_wconf 87' lang='grc'><strong>33</strong></span> <span class='ocrx_word' id='word_1_213' title='bbox 3204 4057 3279 4122; x_wconf 92' lang='lat' dir='ltr'><strong>et</strong></span> <span class='ocrx_word' id='word_1_214' title='bbox 3308 4053 3410 4123; x_wconf 92' lang='grc'><strong>32</strong></span> <span class='ocrx_word' id='word_1_215' title='bbox 3436 4077 3463 4140; x_wconf 78' lang='lat'>3</span> <span class='ocrx_word' id='word_1_216' title='bbox 3516 4047 3660 4123; x_wconf 90' lang='lat' dir='ltr'><strong>duc</strong></span> 
     </span>
     <span class='ocr_line' id='line_1_25' title="bbox 1025 4174 3652 4282; baseline -0.001 -24"><span class='ocrx_word' id='word_1_217' title='bbox 1025 4193 1074 4272; x_wconf 91' lang='lat'><strong>7</strong></span> <span class='ocrx_word' id='word_1_218' title='bbox 1098 4208 1232 4282; x_wconf 88' lang='lat' dir='ltr'><strong>per</strong></span> <span class='ocrx_word' id='word_1_219' title='bbox 1255 4189 1378 4272; x_wconf 89' lang='grc'><strong>33,</strong></span> <span class='ocrx_word' id='word_1_220' title='bbox 1407 4193 1482 4258; x_wconf 90' lang='lat' dir='ltr'><strong>et</strong></span> <span class='ocrx_word' id='word_1_221' title='bbox 1513 4183 1692 4258; x_wconf 88' lang='lat' dir='ltr'><strong>fient</strong></span> <span class='ocrx_word' id='word_1_222' title='bbox 1723 4174 1868 4258; x_wconf 88' lang='grc'><strong>231</strong></span> <span class='ocrx_word' id='word_1_223' title='bbox 1897 4213 1920 4276; x_wconf 79' lang='lat'>3</span> <span class='ocrx_word' id='word_1_224' title='bbox 1973 4193 2050 4257; x_wconf 89' lang='lat' dir='ltr'><strong>et</strong></span> <span class='ocrx_word' id='word_1_225' title='bbox 2081 4183 2226 4257; x_wconf 90' lang='lat' dir='ltr'><strong>duc</strong></span> <span class='ocrx_word' id='word_1_226' title='bbox 2257 4188 2400 4257; x_wconf 91' lang='grc'><strong>128</strong></span> <span class='ocrx_word' id='word_1_227' title='bbox 2433 4205 2567 4280; x_wconf 90' lang='lat' dir='ltr'><strong>per</strong></span> <span class='ocrx_word' id='word_1_228' title='bbox 2596 4187 2717 4270; x_wconf 87' lang='lat'><strong>33,</strong></span> <span class='ocrx_word' id='word_1_229' title='bbox 2746 4192 2823 4256; x_wconf 92' lang='lat' dir='ltr'><strong>et</strong></span> <span class='ocrx_word' id='word_1_230' title='bbox 2852 4179 3031 4256; x_wconf 87' lang='lat' dir='ltr'><strong>fient</strong></span> <span class='ocrx_word' id='word_1_231' title='bbox 3060 4187 3283 4268; x_wconf 73' lang='grc'><strong>4224,</strong></span> <span class='ocrx_word' id='word_1_232' title='bbox 3312 4179 3453 4256; x_wconf 92' lang='lat' dir='ltr'><strong>hoc</strong></span> <span class='ocrx_word' id='word_1_233' title='bbox 3484 4179 3652 4268; x_wconf 84' lang='lat' dir='ltr'><strong>situ,</strong></span> 
     </span>
     <span class='ocr_line' id='line_1_26' title="bbox 1023 4313 3655 4419; baseline -0.002 -27"><span class='ocrx_word' id='word_1_234' title='bbox 1023 4319 1248 4419; x_wconf 56' lang='lat'><strong>2223214,</strong></span> <span class='ocrx_word' id='word_1_235' title='bbox 1287 4341 1422 4416; x_wconf 87' lang='lat' dir='ltr'><strong>pro</strong></span> <span class='ocrx_word' id='word_1_236' title='bbox 1453 4315 1806 4392; x_wconf 86' lang='lat' dir='ltr'><strong>fractione</strong></span> <span class='ocrx_word' id='word_1_237' title='bbox 1832 4317 1991 4419; x_wconf 57' lang='lat'><strong>&#39;1313</strong></span> <span class='ocrx_word' id='word_1_238' title='bbox 2022 4316 2309 4393; x_wconf 67' lang='lat' dir='ltr'><strong>oblataz</strong></span> <span class='ocrx_word' id='word_1_239' title='bbox 2387 4313 2757 4401; x_wconf 86' lang='lat' dir='ltr'><strong>Similiter,</strong></span> <span class='ocrx_word' id='word_1_240' title='bbox 2795 4314 2938 4389; x_wconf 90' lang='lat' dir='ltr'><strong>duc</strong></span> <span class='ocrx_word' id='word_1_241' title='bbox 2970 4319 3071 4388; x_wconf 90' lang='grc'><strong>32</strong></span> <span class='ocrx_word' id='word_1_242' title='bbox 3102 4337 3235 4411; x_wconf 89' lang='lat' dir='ltr'><strong>per</strong></span> <span class='ocrx_word' id='word_1_243' title='bbox 3273 4321 3309 4389; x_wconf 92' lang='lat'>1</span> <span class='ocrx_word' id='word_1_244' title='bbox 3323 4321 3387 4402; x_wconf 91' lang='lat'><strong>1,</strong></span> <span class='ocrx_word' id='word_1_245' title='bbox 3440 4325 3517 4388; x_wconf 89' lang='lat' dir='ltr'><strong>et</strong></span> <span class='ocrx_word' id='word_1_246' title='bbox 3554 4320 3655 4389; x_wconf 90' lang='grc'><strong>32</strong></span> 
     </span>
     <span class='ocr_line' id='line_1_27' title="bbox 1025 4445 3653 4550; baseline -0.002 -25"><span class='ocrx_word' id='word_1_247' title='bbox 1025 4475 1158 4550; x_wconf 89' lang='lat' dir='ltr'><strong>per</strong></span> <span class='ocrx_word' id='word_1_248' title='bbox 1196 4457 1362 4540; x_wconf 82' lang='grc'><strong>132,</strong></span> <span class='ocrx_word' id='word_1_249' title='bbox 1411 4461 1488 4526; x_wconf 89' lang='lat' dir='ltr'><strong>et</strong></span> <span class='ocrx_word' id='word_1_250' title='bbox 1517 4449 1696 4526; x_wconf 88' lang='lat' dir='ltr'><strong>fient</strong></span> <span class='ocrx_word' id='word_1_251' title='bbox 1727 4456 1879 4526; x_wconf 82' lang='grc'><strong>352</strong></span> <span class='ocrx_word' id='word_1_252' title='bbox 1911 4460 1986 4525; x_wconf 90' lang='lat' dir='ltr'><strong>et</strong></span> <span class='ocrx_word' id='word_1_253' title='bbox 2017 4455 2240 4536; x_wconf 74' lang='grc'><strong>4224,</strong></span> <span class='ocrx_word' id='word_1_254' title='bbox 2287 4447 2430 4522; x_wconf 82' lang='lat' dir='ltr'><strong>hoc</strong></span> <span class='ocrx_word' id='word_1_255' title='bbox 2462 4446 2629 4535; x_wconf 91' lang='lat' dir='ltr'><strong>situ,</strong></span> <span class='ocrx_word' id='word_1_256' title='bbox 2672 4447 2896 4548; x_wconf 49' lang='grc' dir='ltr'><strong>ᾗῇ,</strong></span> <span class='ocrx_word' id='word_1_257' title='bbox 2950 4470 3085 4545; x_wconf 88' lang='lat' dir='ltr'><strong>pro</strong></span> <span class='ocrx_word' id='word_1_258' title='bbox 3116 4445 3473 4522; x_wconf 85' lang='lat' dir='ltr'><strong>fractione</strong></span> <span class='ocrx_word' id='word_1_259' title='bbox 3500 4448 3653 4550; x_wconf 51' lang='lat'><strong>¹1²&amp;</strong></span> 
     </span>
     <span class='ocr_line' id='line_1_28' title="bbox 1023 4579 3646 4682; baseline -0.003 -21"><span class='ocrx_word' id='word_1_260' title='bbox 1023 4583 1282 4662; x_wconf 65' lang='lat' dir='ltr'><strong>oblata.</strong></span> <span class='ocrx_word' id='word_1_261' title='bbox 1389 4583 1644 4660; x_wconf 87' lang='lat' dir='ltr'><strong>Habes</strong></span> <span class='ocrx_word' id='word_1_262' title='bbox 1677 4607 1854 4682; x_wconf 86' lang='lat' dir='ltr'><strong>ergo</strong></span> <span class='ocrx_word' id='word_1_263' title='bbox 1886 4583 2070 4658; x_wconf 88' lang='lat' dir='ltr'><strong>duas</strong></span> <span class='ocrx_word' id='word_1_264' title='bbox 2101 4581 2380 4658; x_wconf 86' lang='lat' dir='ltr'><strong>oblatas</strong></span> <span class='ocrx_word' id='word_1_265' title='bbox 2411 4579 2821 4668; x_wconf 84' lang='lat' dir='ltr'><strong>fractiones,</strong></span> <span class='ocrx_word' id='word_1_266' title='bbox 2858 4580 3011 4682; x_wconf 51' lang='lat'><strong>¹1²&amp;</strong></span> <span class='ocrx_word' id='word_1_267' title='bbox 3042 4589 3117 4654; x_wconf 90' lang='lat' dir='ltr'><strong>et</strong></span> <span class='ocrx_word' id='word_1_268' title='bbox 3146 4579 3324 4682; x_wconf 54' lang='lat' dir='ltr'><strong>Thr»</strong></span> <span class='ocrx_word' id='word_1_269' title='bbox 3362 4580 3459 4659; x_wconf 85' lang='lat' dir='ltr'><strong>ad</strong></span> <span class='ocrx_word' id='word_1_270' title='bbox 3491 4579 3646 4667; x_wconf 90' lang='lat' dir='ltr'><strong>has,</strong></span> 
     </span>
     <span class='ocr_line' id='line_1_29' title="bbox 1015 4711 3642 4828; baseline -0.001 -35"><span class='ocrx_word' id='word_1_271' title='bbox 1015 4721 1242 4828; x_wconf 55' lang='lat' dir='ltr'><strong>ffi,</strong></span> <span class='ocrx_word' id='word_1_272' title='bbox 1307 4729 1382 4793; x_wconf 92' lang='lat' dir='ltr'><strong>et</strong></span> <span class='ocrx_word' id='word_1_273' title='bbox 1436 4719 1664 4819; x_wconf 57' lang='lat' dir='ltr'><strong>ffi,</strong></span> <span class='ocrx_word' id='word_1_274' title='bbox 1725 4717 2048 4818; x_wconf 87' lang='lat' dir='ltr'><strong>ejusdem</strong></span> <span class='ocrx_word' id='word_1_275' title='bbox 2107 4711 2739 4804; x_wconf 87' lang='lat' dir='ltr'><strong>denominationis,</strong></span> <span class='ocrx_word' id='word_1_276' title='bbox 2802 4714 3163 4804; x_wconf 81' lang='lat' dir='ltr'><strong>reductas,</strong></span> <span class='ocrx_word' id='word_1_277' title='bbox 3220 4739 3355 4814; x_wconf 86' lang='lat' dir='ltr'><strong>per</strong></span> <span class='ocrx_word' id='word_1_278' title='bbox 3410 4714 3642 4790; x_wconf 89' lang='lat' dir='ltr'><strong>dictos</strong></span> 
     </span>
     <span class='ocr_line' id='line_1_30' title="bbox 1017 4846 3647 4952; baseline -0.001 -25"><span class='ocrx_word' id='word_1_279' title='bbox 1017 4851 1392 4952; x_wconf 82' lang='lat' dir='ltr'><strong>generales</strong></span> <span class='ocrx_word' id='word_1_280' title='bbox 1445 4875 1780 4928; x_wconf 88' lang='lat' dir='ltr'><strong>canones.</strong></span> <span class='ocrx_word' id='word_1_281' title='bbox 1883 4848 2178 4940; x_wconf 85' lang='lat' dir='ltr'><strong>Quibus</strong></span> <span class='ocrx_word' id='word_1_282' title='bbox 2217 4849 2374 4949; x_wconf 83' lang='lat' dir='ltr'><strong>jam</strong></span> <span class='ocrx_word' id='word_1_283' title='bbox 2421 4846 2765 4936; x_wconf 89' lang='lat' dir='ltr'><strong>reductis,</strong></span> <span class='ocrx_word' id='word_1_284' title='bbox 2820 4872 2953 4948; x_wconf 91' lang='lat' dir='ltr'><strong>per</strong></span> <span class='ocrx_word' id='word_1_285' title='bbox 2999 4849 3291 4924; x_wconf 87' lang='lat' dir='ltr'><strong>eosdem</strong></span> <span class='ocrx_word' id='word_1_286' title='bbox 3338 4871 3647 4925; x_wconf 84' lang='lat' dir='ltr'><strong>canones</strong></span> 
     </span>
     <span class='ocr_line' id='line_1_31' title="bbox 1017 4980 3645 5072; baseline -0.001 -12"><span class='ocrx_word' id='word_1_287' title='bbox 1017 4984 1352 5060; x_wconf 85' lang='lat' dir='ltr'><strong>addimus</strong></span> <span class='ocrx_word' id='word_1_288' title='bbox 1403 4982 1636 5061; x_wconf 87' lang='lat' dir='ltr'><strong>dictos</strong></span> <span class='ocrx_word' id='word_1_289' title='bbox 1681 4993 2202 5072; x_wconf 86' lang='lat' dir='ltr'><strong>numeratores,</strong></span> <span class='ocrx_word' id='word_1_290' title='bbox 2249 4994 2324 5060; x_wconf 89' lang='lat' dir='ltr'><strong>et</strong></span> <span class='ocrx_word' id='word_1_291' title='bbox 2365 4982 2577 5070; x_wconf 86' lang='lat' dir='ltr'><strong>fiunt,</strong></span> <span class='ocrx_word' id='word_1_292' title='bbox 2622 5005 2795 5058; x_wconf 87' lang='lat' dir='ltr'><strong>cum</strong></span> <span class='ocrx_word' id='word_1_293' title='bbox 2830 4980 3200 5059; x_wconf 86' lang='lat' dir='ltr'><strong>communi</strong></span> <span class='ocrx_word' id='word_1_294' title='bbox 3230 4981 3645 5060; x_wconf 40' lang='lat' dir='ltr'><strong>denomines</strong></span> 
     </span>
    </p>
   </div>
  </div>
 </body>
</html>
