4842 6219
1643 870 1779 937 DE
1827 870 2097 941 ARTE
2147 870 2720 939 LOGISTICA.
3569 879 3648 945 19

830 1088 1170 1177 Radices,
1226 1099 1377 1163 tam
1418 1090 1869 1165 abundantes
1912 1090 2130 1187 quam
2174 1089 2570 1177 defectivae,
2623 1090 2786 1188 pari
2829 1090 3072 1167 indice
3119 1091 3635 1189 multiplicatas,

726 1224 1139 1320 producunt
1168 1221 1575 1299 radicatum
1607 1224 2007 1299 abundans.

928 1428 942 1445 ,
1124 1356 1235 1431 Ut
1284 1355 1383 1431 sit
1428 1355 1641 1430 radix
1684 1364 1842 1450 -1-2,
1892 1380 2111 1453 quam
2155 1356 2249 1427 ad
2291 1354 2609 1428 indicem
2653 1364 2705 1429 4
2753 1356 3292 1455 multiplicabis,
3347 1370 3420 1431 et
3470 1358 3644 1432 fient

1022 1488 1261 1587 primo
1321 1495 1480 1582 —1—2,
1540 1488 1855 1562 secundo
1924 1496 2081 1580 -1-4,
2146 1486 2364 1560 tertio
2425 1494 2581 1580 †8,
2645 1490 2904 1585 quarto
2965 1487 3150 1582 -1-16
3209 1491 3636 1581 abundans;

1022 1620 1377 1708 similiter,
1414 1628 1565 1695 —2
1596 1620 2077 1718 multiplicata
2106 1618 2373 1693 facient
2404 1618 2642 1716 primo
2672 1629 2843 1707 -2,
2881 1622 3196 1697 secundo
3233 1631 3389 1716 †4,
3427 1624 3642 1697 tertio

1022 1760 1193 1839 —8‚
1234 1755 1493 1850 quarto
1527 1752 1701 1827 item
1734 1752 2111 1827 abundans
2146 1750 2333 1845 -1-16
2368 1762 2451 1825 ut
2484 1754 2719 1849 supra.

830 2014 1033 2089 Hine
1090 2014 1439 2114 sequitur,
1508 2014 1815 2091 radicati
1872 2014 2307 2090 abundantis
2364 2014 2608 2089 indice
2663 2015 2826 2113 pari
2885 2016 3066 2090 duas
3125 2042 3277 2091 esse
3336 2017 3634 2103 radiceS,

728 2149 1031 2223 alteram
1094 2150 1604 2236 abundantem,
1676 2149 1979 2223 alteram
2042 2146 2520 2239 defectivam3
2601 2146 3000 2224 deficientis
3065 2151 3236 2223 vero
3301 2150 3632 2236 radicati,

724 2283 1022 2357 nullam.

1124 2414 1235 2489 Ut
1292 2413 1659 2512 superiore
1718 2413 2043 2511 exemplo
2092 2412 2403 2487 radicati
2462 2411 2648 2505 -1-16
2701 2413 3158 2501 abundantia
3217 2427 3366 2489 tam
3417 2419 3638 2492 abun-

1021 2548 1203 2621 dans
1260 2556 1417 2643 -1-2,
1478 2549 1695 2645 quam
1748 2544 2103 2621 defectiva
2152 2554 2323 2633 -Q
2381 2556 2590 2619 erant
2631 2546 2912 2621 radices
2962 2548 3635 2645 quadripartienteS‚

1018 2690 1101 2753 ut
1152 2705 1245 2753 ex
1296 2670 1787 2777 superioribus
1840 2688 1915 2753 et
1967 2678 2343 2776 utriusque
2398 2678 2728 2752 examine
2769 2680 3070 2775 patebit.
3172 2681 3393 2755 Unde
3435 2684 3640 2779 nulla.

1020 2824 1265 2899 restat,
1296 2813 1447 2887 sive
1478 2814 1855 2889 abundans
1888 2812 2038 2886 sive
2071 2810 2445 2899 defectiva,
2483 2836 2646 2908 quae
2681 2811 2775 2885 sit
2806 2811 3018 2887 radix
3049 2814 3634 2912 quadripartiens

1023 2946 1396 3021 defectivae
1427 2945 1647 3021 -16.

822 3213 1137 3288 Radices
1192 3213 1641 3289 abundantes
1687 3211 1925 3286 indice
1968 3209 2235 3308 impari
2276 3210 2593 3284 reddunt
2626 3209 3260 3307 (multiplicatione
3291 3213 3634 3312 radicali)

720 3344 1049 3420 radicata
1080 3344 1545 3433 abundantia,
1582 3355 1656 3419 et
1689 3343 2081 3430 defectivae,
2114 3341 2486 3417 defectiva.

1120 3479 1228 3554 Ut
1278 3479 1495 3552 radix
1543 3477 1920 3552 abundans
1957 3484 2113 3569 -1-2,
2156 3474 2399 3548 indice
2433 3472 2696 3572 impari
2727 3481 2798 3560 5,
2845 3475 3260 3551 radicaliter
3289 3477 3634 3577 multipli-

1014 3621 1179 3688 cata
1220 3611 1463 3686 reddit
1508 3617 1747 3704 4323
1802 3609 2097 3696 seilicet,
2145 3607 2384 3706 primo
2437 3616 2596 3704 -1-2,
2641 3609 2958 3684 seeundo
3004 3618 3162 3704 ÷4,
3211 3612 3426 3686 tertio
3472 3621 3628 3706 †8,

1016 3746 1273 3841 quarto
1309 3742 1517 3838 -1-16,
1554 3743 1811 3840 quinto
1846 3749 2053 3836 -1—32,
2091 3740 2498 3816 radicatum
2533 3742 2932 3816 abundans.
3037 3743 3158 3818 Sic
3207 3745 3420 3818 radix
3463 3747 3633 3819 defi-

1017 3877 1213 3952 ciens
1245 3885 1417 3964 -2,
1454 3877 1695 3951 indice
1728 3885 1798 3962 5,
1838 3875 2255 3950 radicaliter
2297 3873 2778 3972 multiplicata
2815 3875 2991 3951 facit
3021 3884 3272 3970 —323
3335 3878 3627 3964 scilicet,

1016 4010 1252 4108 primo
1284 4019 1455 4095 -2,
1492 4009 1807 4086 secundo
1842 4017 2000 4102 ÷4,
2038 4009 2255 4082 tertio
2287 4015 2458 4094 -8,
2498 4009 2760 4103 quarto
2786 4007 2994 4101 -1-16,
3034 4008 3288 4106 quinto
3322 4010 3632 4106 denique

1014 4149 1236 4230 -82,
1272 4141 1695 4218 radicatum·
1709 4141 2143 4216 defectivum
2176 4140 2391 4219 dictae
2423 4138 2712 4213 radicis·

818 4407 1057 4484 Simili
1106 4409 1322 4484 modo
1375 4407 1548 4482 hino
1602 4407 1948 4504 sequitur,
2007 4404 2204 4502 quod
2254 4403 2659 4480 radicatum
2711 4403 2974 4500 impari
3013 4403 3267 4478 indice
3308 4404 3628 4479 radicem

636 4527 645 4532 ’
717 4539 983 4618 babeat
1026 4539 1317 4618 unicam
1348 4551 1683 4632 tantum;
1740 4539 2137 4625 abundam,
2186 4535 2727 4627 abundantem3
2781 4545 2858 4609 et
2895 4535 3350 4625 defectivum,
3399 4538 3627 4614 defec-

716 4672 959 4748 tivam.

1111 4807 1223 4884 Ut
1276 4808 1643 4907 superiore
1699 4805 2027 4903 exemplo
2082 4801 2486 4877 radicatum
2546 4801 2922 4876 abundans
2979 4809 3185 4895 -1-32,
3257 4801 3496 4877 indice
3555 4815 3624 4892 5,

1016 4937 1314 5017 habebit
1368 4939 1687 5018 radicem
1744 4938 2232 5014 abundantem
2284 4941 2444 5029 -fl-Q.
2557 4933 2679 5010 Sic
2733 4933 3140 5012 radicatum
3196 4934 3632 5012 defectivum
