4842 6219
1174 900 1257 964 68
2104 898 2240 965 DE
2289 896 2556 965 ARTE
2605 894 3180 964 LOGISTICA.

1280 1118 1533 1217 Atque
1568 1117 1691 1193 hic
1722 1118 1951 1217 prius,
1981 1130 2056 1194 et
2082 1118 2445 1194 cardinali
2467 1114 3024 1206 aunem-..ille
3054 1116 3434 1215 posterius,
3471 1129 3548 1193 et
3580 1118 3916 1208 ordinali,
3953 1146 4116 1221 pro-

1174 1251 1558 1327 nuntiatur
1585 1282 1610 1345 ς,
1665 1251 1789 1326 hic
1822 1278 2113 1351 quoque
2148 1278 2375 1352 supra
2404 1252 2694 1340 lineam,
2732 1250 2858 1326 ille
2890 1252 3061 1325 vero
3092 1248 3306 1338 infra,
3342 1261 3661 1327 notatur.

1578 1386 1687 1461 Ut
1719 1385 1783 1459 si
1816 1386 2193 1473 unitatem,
2234 1396 2363 1460 aut
2394 1410 2552 1460 rem
2585 1384 2876 1461 unicam
2908 1382 3378 1483 propositam,
3415 1384 3494 1459 in
3525 1396 3771 1484 partes
3800 1388 4109 1485 quotvis,

1476 1532 1558 1594 ut
1590 1546 1658 1594 v.
1694 1546 1766 1619 g.
1800 1518 1881 1594 in
1921 1526 2037 1607 11,
2094 1520 2411 1619 partitus
2456 1518 2701 1607 fueris,
2751 1528 2825 1592 et
2864 1517 3130 1593 harum
3163 1526 3214 1592 5
3245 1528 3490 1617 partes
3531 1520 3919 1594 sumendas
3957 1546 4113 1597 esse

1480 1661 1897 1729 statuas—1
1911 1660 1948 1727 1
1988 1662 2161 1729 sunt
2191 1652 2412 1752 hujus
2446 1652 2818 1727 fractionis
2850 1650 3377 1740 denominatur,
3412 1663 3488 1727 et
3511 1662 3560 1727 5
3587 1666 3758 1728 sunt
3791 1655 4112 1753 ejusdem

1474 1798 1947 1890 numerator5
2008 1812 2340 1886 quorum,
2390 1786 2551 1861 haec
2584 1795 2635 1860 5
2667 1786 2894 1885 prius,
2943 1796 3018 1860 et
3061 1809 3194 1884 per
3236 1811 3622 1861 numerum
3665 1785 4110 1863 cardinalem

1477 1920 1899 2020 (quinque),
1948 1921 2361 2021 profertur-3
2414 1931 2491 1996 et
2533 1920 2664 1995 illa
2713 1929 2749 1995 1
2763 1927 2799 1995 1
2847 1919 3228 2018 posterius,
3279 1930 3352 1995 et
3393 1944 3528 2020 per
3565 1946 3954 1997 numerum
3997 1949 4109 1997 or-

1474 2054 1789 2131 dinale·
1844 2055 2359 2153 (undecimas)‚
2414 2052 2978 2153 pronuntiatum
3049 2052 3190 2129 hoc
3239 2054 3476 2141 modo,
3545 2066 3568 2098 ‘
3600 2053 3925 2153 quinque
3979 2082 4108 2131 un-

1474 2188 1789 2265 decimas
1841 2192 2131 2290 partesss
2226 2188 2601 2263 Nota-ntur
2647 2188 2820 2262 vero
2867 2186 3027 2261 haec
3057 2197 3106 2262 5
3147 2212 3372 2287 supra
3415 2186 3705 2277 lineam,
3741 2201 3816 2264 et
3845 2188 3976 2265 illa
4015 2200 4096 2265 11

1469 2321 1683 2410 infra,
1732 2322 1873 2397 hoc
1912 2323 2149 2409 modu,
2196 2324 2352 2424 ἧς
2406 2320 2632 2396 etita
2672 2322 2767 2395 de
2811 2320 2998 2395 aliis.

1272 2590 1476 2665 Huic
1520 2600 1803 2665 constat
1840 2589 2039 2687 quod
2082 2586 2361 2676 fractio,
2408 2612 2536 2663 seu
2575 2587 2848 2663 fractus
2881 2610 3248 2675 numerus,
3287 2585 3384 2663 sit
3415 2612 3606 2687 pars,
3656 2600 3784 2664 aut
3823 2603 4092 2691 partes,

1169 2723 1467 2802 unitatis
1500 2722 1749 2798 divisse
1781 2722 1861 2797 in
1893 2732 2135 2822 partes
2170 2721 2474 2820 aliquot.

1268 2860 1579 2935 Constat
1630 2856 1852 2933 etiam
1902 2856 2102 2955 quod
2152 2854 2410 2931 fractio
2459 2854 2656 2930 idem
2705 2854 2896 2931 valet
2947 2857 3144 2955 quod
3189 2880 3536 2931 numerus
3585 2858 4090 2947 numera-toris,

1167 2993 1439 3069 divisus
1470 3016 1603 3090 per
1632 3016 2017 3067 numerum
2050 2988 2638 3065 denominatoris.

1566 3127 1675 3204 Ut
1699 3125 1779 3200 in
1804 3125 2173 3226 superiore
2204 3126 2557 3202 fractione
2580 3127 2704 3228 ᾗ,
2735 3125 2930 3200 idem
2963 3134 3074 3198 est
3103 3149 3267 3200 eam
3296 3124 3796 3226 pronuntiare,
3838 3140 3861 3172 ‘
3888 3128 4097 3226 quin-

1470 3288 1610 3360 que
1650 3260 2069 3337 undecimas
2108 3261 2460 3350 unitatis:
2500 3259 2718 3360 quod,
2769 3271 2792 3304 ‘
2833 3257 3154 3357 quinque
3192 3259 3467 3358 partita
3497 3287 3628 3359 per
3677 3269 3761 3336 ll
3795 3265 3854 3354 ς’
3895 3274 3980 3338 ut
4015 3263 4096 3338 in

1466 3423 1623 3496 cap.
1657 3406 1709 3484 7
1750 3394 1917 3471 Lib.
1957 3395 2021 3470 Ι.
2065 3393 2502 3494 generaliter
2543 3392 2886 3468 diximus.

1270 3665 1457 3740 Sunt
1488 3674 1563 3737 et
1597 3663 1929 3761 quasdam
1960 3660 2353 3761 improprie
2385 3661 2793 3751 fractiones,
2834 3687 2994 3761 quae
3025 3687 3174 3738 non
3207 3675 3378 3739 sunt
3410 3662 3712 3740 unitatis
3743 3689 3936 3764 pars,
3967 3676 4096 3741 aut

1168 3809 1430 3898 partes,
1460 3821 1815 3896 expresse,
1846 3797 1975 3871 sed
1998 3807 2167 3870 sunt
2188 3805 2434 3896 partes
2458 3796 2938 3891 fractionum3
2991 3808 3068 3873 et
3097 3797 3212 3873 hae
3244 3797 3632 3874 fractiones
3661 3799 4096 3875 fractionum

1165 3928 1635 4005 nominantur
1658 3956 1680 4020 ;
1732 3953 1914 4027 quas
1945 3951 2077 4002 nos
2110 3937 2446 4003 notamus
2478 3927 2902 4027 interpodta
2929 3928 3286 4030 particula
3314 3942 3336 3978 ‘
3355 3935 3494 4020 ex,’
3517 3930 3646 4006 alii
3675 3945 3936 4009 notant
3965 3959 4098 4033 per

1168 4062 1627 4139 omissionem
1657 4060 2076 4161 posterioris
2110 4059 2343 4149 lineae,
2380 4073 2510 4137 aut
2539 4061 2918 4138 linearum.

1567 4195 1679 4272 Ut
1710 4195 1874 4270 duae
1908 4194 2180 4294 quintoe
2212 4205 2479 4296 parte&
2517 4194 2742 4270 trium
2777 4207 3202 4295 quartarum
3232 4197 3556 4296 partium
3589 4197 3911 4288 unitatis,
3945 4226 4096 4277 non

1464 4341 1575 4406 est
1604 4328 1919 4430 proprie,
1962 4353 2099 4404 nec
2130 4327 2569 4418 immediate,
2615 4328 2920 4404 unitatis
2953 4329 3236 4419 finctio,
3273 4331 3404 4406 sed
3433 4331 3693 4408 finctio
3723 4333 4096 4410 fractionis

1465 4462 1820 4554 unitatis3
1880 4461 2293 4561 significant
2336 4461 2533 4536 enim
2574 4460 2930 4538 unitatem
2969 4461 3051 4538 in
3092 4475 3407 4563 quatuor
3441 4475 3686 4566 partes
3729 4465 3983 4556 dividi,
4019 4479 4096 4544 et

1460 4597 1725 4672 harum
1756 4605 2183 4695 trespartes
2214 4595 3220 4698 rursusin5partespartirL
3250 4601 3767 4697 quarumduas
3800 4601 4097 4676 tandem

1464 4728 1850 4806 sumendas
1892 4753 2069 4804 esse.
2176 4727 2356 4803 Ideo
2394 4727 2504 4804 sic
2543 4739 2902 4816 notamus,
2949 4732 3004 4832 ξ
3033 4754 3126 4806 ex
3157 4731 3230 4833 ξ,
3276 4729 3405 4806 alii
3446 4730 3554 4808 sic
3589 4743 3867 4821 notant,
3903 4737 3956 4837 ἓ
3991 4737 4033 4836 ξ
4067 4767 4092 4827 3

1460 4875 1534 4940 et
1571 4863 1679 4939 sic
1716 4860 2295 4962 pronuntiamus,
2344 4874 2369 4910 ⁶
2392 4863 2557 4939 duae
2601 4853 2875 4963 quintus
2907 4889 2998 4944 ex
3045 4865 3280 4942 tribus
3323 4865 3651 4966 quartis,'
3683 4879 3834 4956 aut,
3887 4881 3908 4915 ‘
3932 4871 4098 4946 duae

1464 4995 1736 5098 quintus
1770 4995 1997 5072 trium
2028 4999 2504 5096 quartarum?
