4842 6219
1698 887 1832 952 DE
1882 883 2148 952 ARTE
2195 883 2769 952 LOGISTICA.
3630 895 3711 959 75

1069 1111 1310 1197 modo,
1349 1109 1502 1226 [έᾶἱὲ
1532 1137 1556 1200 3
1613 1116 1764 1194 aut,
1800 1106 2118 1192 tandem,
2155 1105 2409 1181 eadem
2443 1106 2657 1180 radix
2697 1117 2807 1181 est
2848 1106 3269 1182 mechanice
3312 1111 3703 1184 admodum

1069 1242 1262 1318 inter
1295 1241 1638 1317 terminos
1671 1239 2134 1326 includenda,
2173 1251 2257 1313 ut
2289 1240 2643 1338 sequitur.

873 1505 1352 1584 Machanicus
1377 1517 1622 1582 autem
1641 1503 1902 1580 modus
1924 1516 2057 1592 est,
2082 1503 2404 1579 radicem
2426 1505 2828 1602 quaesitam,
2853 1533 3018 1605 quae
3042 1509 3364 1584 numeris
3392 1511 3703 1610 exprimi

767 1639 1044 1739 nequit,
1079 1638 1274 1716 inter
1305 1635 1651 1715 terminos
1681 1637 2031 1736 majorem
2063 1648 2138 1712 et
2169 1636 2525 1712 minorem
2558 1639 2777 1735 quam
2810 1640 3210 1714 arctissime
3242 1641 3641 1718 includere.

869 1772 1206 1848 Termini
1237 1783 1512 1871 quanto
1543 1769 1838 1871 majoris
1863 1769 2493 1858 denominationiS,
2522 1781 2596 1845 et
2620 1771 2922 1847 minoris
2947 1772 3380 1850 differentiae
3404 1776 3696 1863 fuerint,

769 1917 972 1981 tanto
1003 1904 1326 1982 radicem
1357 1904 1632 1980 arctius
1663 1901 2070 1991 includunt,
2107 1913 2182 1978 et
2211 1901 2587 2001 praecisius
2620 1903 3001 1980 definiunt.

871 2039 978 2115 Ut
1027 2065 1202 2139 ergo
1253 2037 1546 2114 termini
1589 2037 1736 2114 sint
1779 2036 2386 2113 denominationis
2428 2048 2721 2136 optatae,
2766 2064 3151 2114 numerum
3184 2051 3453 2139 optatae
3486 2045 3701 2118 deno-

767 2173 1184 2250 minationis
1225 2172 1635 2272 multiplica
1673 2171 2112 2258 radicaliter,
2161 2173 2557 2247 secundum
2602 2171 2921 2248 indicem
2962 2185 3036 2248 et
3080 2175 3393 2273 speciem
3434 2177 3703 2253 radicis

767 2307 1195 2406 quaesitam3
1247 2306 1442 2394 inde,
1470 2305 1688 2404 huius
1711 2305 2120 2380 radicatum
2151 2302 2558 2403 multiplica
2586 2330 2720 2403 per
2750 2305 3125 2381 fractionis
3158 2306 3422 2383 oblatae
3453 2335 3700 2384 nume-

767 2453 1102 2528 ratorem,
1155 2441 1595 2538 productum
1641 2439 1916 2538 partire
1963 2463 2098 2537 per
2145 2439 2469 2537 ejusdem
2511 2439 3181 2532 denominatorem3
3238 2442 3443 2539 quoti
3489 2444 3701 2518 radix

763 2573 1152 2674 propositae
1175 2573 1462 2674 speciei,
1491 2585 1642 2650 tam
1665 2573 1993 2673 proxime
2015 2571 2256 2647 minor
2278 2574 2498 2670 quam
2520 2573 2775 2671 major,
2800 2573 3229 2652 extrahatur
3252 2576 3701 2676 integrorum

763 2733 988 2796 more,
1027 2721 1102 2784 et
1135 2707 1426 2806 utrique
1457 2705 1962 2782 denominator
1995 2705 2264 2782 electus
2297 2705 2845 2782 subscribatur:
2902 2707 3144 2784 Erunt
3176 2709 3371 2784 enim
3408 2713 3699 2786 termini

763 2841 1015 2940 optati,
1053 2841 1180 2916 ille
1209 2841 1470 2928 minor,
1507 2839 1632 2916 hic
1661 2841 1914 2939 major,
1951 2837 2275 2914 radicem
2307 2837 2687 2936 quaesitam
2722 2839 3193 2916 includentes.

1162 2974 1271 3050 Ut
1330 2973 1425 3049 sit
1480 2971 1854 3050 fractionis
1913 2970 2306 3071 superioris
2361 2973 2537 3089 24-93,
2604 2998 2732 3046 seu
2786 2975 2911 3090 242,
2976 2971 3429 3049 extrahenda
3482 2977 3697 3052 radix

1062 3107 1506 3207 bipartiens:
1571 3106 1684 3183 Sit
1715 3104 2208 3183 denominatio
2241 3116 2494 3205 optata
2524 3114 2677 3181 200
2708 3105 3073 3205 partium;
3122 3107 3383 3183 harum
3420 3112 3694 3187 radica-

1061 3258 1216 3318 tum
1239 3242 1627 3342 propositae
1653 3242 1920 3341 speciei
1945 3240 2435 3341 (duplicatum
2460 3239 2773 3338 scilicet)
2798 3252 2908 3316 est
2931 3249 3183 3317 40000
3210 3272 3231 3334 3
3286 3244 3695 3343 multiplica

1059 3404 1234 3477 ergo
1265 3384 1518 3452 40000
1548 3400 1680 3475 per
1715 3384 1836 3464 29,
1873 3386 2410 3451 numeratorem
2444 3374 2789 3463 oblatum,
2840 3387 2913 3450 et
2950 3378 3387 3474 productum
3419 3381 3693 3476 partire

1061 3537 1194 3611 per
1215 3522 1288 3600 4,
1318 3508 1641 3612 ejusdem
1673 3510 2315 3597 denominatorem,
2343 3510 2773 3609 provenient
2798 3518 3101 3594 290000
3125 3524 3387 3611 quotus
3412 3546 3433 3605 ;
3485 3517 3692 3613 cujus

1059 3645 1274 3720 radix
1325 3644 1750 3745 bipaniens,
1806 3668 2067 3742 nempe
2121 3642 2451 3743 proxime
2502 3644 2763 3731 minor,
2828 3656 2939 3719 est
2996 3652 3167 3733 538,
3230 3658 3305 3721 et
3362 3648 3688 3746 proxime

1057 3782 1292 3877 major
1335 3789 1444 3854 est
1485 3784 1656 3865 539,
1707 3780 1836 3875 (ex
1879 3776 2370 3877 superioribus
2403 3777 2853 3876 integrorum
2887 3780 3194 3877 regulis)
3229 3781 3491 3880 quibus
3524 3784 3686 3857 sub-

1059 3912 1442 3988 scribendo
1499 3910 2122 3986 denominatorem
2176 3920 2327 3987 200
2379 3923 2729 4011 optatum,
2792 3914 2969 3988 fient
3022 3915 3193 4016 3358,
3256 3914 3494 3989 minor
3548 3928 3686 3990 ter-

1055 4047 1318 4134 minus,
1379 4056 1454 4121 et
1507 4046 1680 4149 533,
1741 4047 1976 4146 major
2027 4044 2402 4133 terminuS,
2466 4045 2883 4121 differentes
2942 4048 3091 4121 sola
3148 4047 3363 4123 unica
3419 4049 3681 4125 ducen-

1059 4179 1312 4254 tesima
1343 4178 1668 4267 unitatis,
1715 4193 1792 4253 et
1831 4176 1941 4253 ita
1981 4189 2180 4253 arcte
2219 4176 2394 4253 satis
2428 4178 2879 4255 includentes
2932 4184 3143 4297 0242,
3192 4206 3319 4255 seu
3362 4183 3683 4257 radicem

1054 4312 1565 4411 bipartientem
1596 4312 1814 4411 hujus
1847 4310 2218 4386 fractionis
2251 4314 2352 4429 ἔθ’-9
2386 4310 2789 4409 quaesitam.

1573 4614 2008 4713 Exemplum
2041 4612 2308 4688 radicis
2343 4612 2841 4711 tripartientis.

1155 4849 1366 4937 Item,
1421 4850 1516 4925 sit
1565 4848 2016 4925 extrahenda
2063 4847 2276 4923 radix
2325 4846 2747 4946 tripartiens
2788 4848 2831 4921 ὲ
2874 4852 2945 4949 ξ,
2994 4874 3123 4924 seu
3170 4848 3409 4949 potius
3461 4855 3674 4952 (quia

1046 4983 1206 5057 haec
1248 4982 1461 5058 radix
1501 5008 1649 5058 non
1691 4994 1804 5058 est
1842 5006 2147 5057 numero
2188 4980 2676 5080 explicabilis)
2718 4994 3139 5080 quaerantur
3180 4986 3337 5083 ejus
3378 4987 3670 5063 termini
