4842 6219
1174 799 1247 860 16
2098 804 2233 868 DE
2282 803 2548 869 ARTE
2597 800 3166 868 LOGISTICA.

1471 1016 1689 1088 boum
1741 1018 2181 1092 satisfaciens
2228 1020 2557 1093 secundae
2601 1019 2998 1116 quaestioni.
3105 1018 3294 1091 Item
3328 1018 3406 1089 in
3441 1018 3654 1091 tertia
3685 1018 4078 1113 quaestione

1468 1148 1873 1246 multiplica
1914 1150 2313 1249 superiores
2345 1159 2467 1236 20,
2515 1160 2584 1237 2,
2633 1160 2704 1237 5,
2749 1162 2822 1224 et
2855 1159 2902 1233 9
2936 1150 3264 1235 invicem,
3301 1150 3477 1221 fient
3519 1156 3758 1241 [8003
3813 1150 4078 1223 deinde

1468 1280 1871 1378 multiplica
1905 1292 1969 1369 1,
2008 1290 2077 1369 3,
2128 1294 2201 1357 et
2239 1292 2274 1355 1
2314 1283 2642 1369 invicem,
2699 1283 2873 1356 fient
2924 1292 3204 1356 tantum
3251 1288 3298 1353 3
3329 1314 3349 1372 ;
3414 1306 3544 1379 per
3593 1308 3752 1377 quae
3802 1282 4076 1379 partire

1474 1418 1684 1499 1800,
1722 1415 1896 1487 fient
1930 1414 2099 1501 600,
2136 1441 2478 1489 numerus
2513 1414 2905 1488 solidorum
2938 1414 3330 1487 valentium
3364 1422 3412 1495 9
3447 1426 3839 1487 coronatoa

1269 1676 1525 1771 Itaque
1571 1702 1813 1748 omnes
1849 1677 2120 1773 species
2172 1678 2586 1774 regularum
2636 1674 3280 1773 proportionalium
3323 1673 3536 1747 unica
3575 1675 3895 1771 generali
3926 1702 4072 1749 me-

1169 1805 1407 1891 thodo,
1445 1819 1518 1880 et
1552 1807 1992 1905 operatione,
2032 1808 2728 1906 comprehendimus,

1560 1938 1681 2009 De
1726 1938 1861 2011 hac
1905 1938 2235 2012 doctrina
2276 1940 2807 2025 infinitas,-ut
2847 1938 3112 2035 regulae
3155 1936 3377 2010 trium
3426 1962 3552 2011 seu
3595 1962 3851 2025 aureae,
3905 1939 4070 2011 sim-

1464 2067 1694 2163 plicis,
1749 2070 2077 2166 duplicis,
2132 2070 2454 2167 quinque
2505 2070 3012 2166 quantitatum,
3049 2094 3174 2142 sex
3208 2069 3713 2166 quantitatum,
3753 2070 4064 2156 directae,

1463 2200 1783 2285 inversae,
1810 2201 2336 2298 &c.,--species
2362 2212 2436 2274 et
2461 2202 2724 2274 formas
2749 2203 3047 2274 tradunt
3073 2201 3409 2273 authores
3435 2232 3455 2291 ;
3509 2226 3646 2274 nec
3678 2213 3916 2277 tamen
3943 2204 4068 2275 tri-

1458 2330 1699 2426 pliceS,
1759 2342 1886 2403 aut
1934 2332 2114 2404 alias
2165 2333 2316 2428 ejus
2359 2332 2792 2429 multiplices
2835 2333 3098 2405 formas
3141 2332 3557 2428 attigerunt,
3610 2358 3789 2428 quas
3823 2360 4068 2407 omnes

1458 2460 1580 2533 hic
1613 2462 1929 2535 breviter
1960 2462 2203 2536 habea.

1266 2724 1513 2818 Atque
1559 2724 1669 2796 hae
1712 2736 1880 2797 sunt
1920 2726 2614 2823 proportionalium3
2671 2736 3139 2822 sequerentur
3171 2726 3919 2822 disproportionalium
3951 2752 4062 2800 re-

1160 2856 1394 2952 gulae:
1477 2856 1621 2929 Sed
1669 2856 1845 2952 quia
1891 2856 2025 2942 hae,
2078 2870 2338 2954 praeter
2389 2857 2952 2956 computationes
3003 2858 3596 2955 proportionatas,
3661 2858 4060 2931 additiones

1156 2990 1373 3062 etiam
1406 3000 1478 3061 et
1512 2988 2089 3075 substractiones,
2121 2999 2193 3063 et
2220 2990 2394 3063 alias
2421 2989 2985 3086 computationes
3009 2989 3540 3086 proportionem
3575 2989 4060 3064 disturbantes

1157 3122 1506 3194 immistas
1564 3121 1855 3207 habent,
1911 3122 2042 3195 has
2092 3121 2259 3195 ideo
2309 3147 2554 3195 omnes
2603 3120 2856 3195 missas
2907 3121 3230 3206 facimuS,
3285 3123 3478 3217 quod
3528 3123 3744 3195 unica
3779 3147 3913 3218 pro
3953 3125 4057 3196 eis

1158 3253 1486 3326 omnibus
1520 3253 1861 3326 inserviet
1892 3253 2101 3328 nobis
2136 3253 2485 3350 Algebra.

1551 3383 1660 3457 Ut
1713 3396 1879 3457 sunt
1931 3384 2305 3482 potissima
2352 3410 2523 3481 pars
2577 3385 2899 3458 omnium
2953 3385 3568 3458 arithmeticamm
3619 3386 4050 3483 regularum,

1457 3513 1911 3610 alligationis,
1962 3515 2343 3602 societatis,
2399 3516 2584 3602 falsi,
2641 3515 2902 3614 simpli,
2960 3516 3186 3614 dupli,
3244 3527 3317 3590 et
3360 3517 3666 3590 aliarum
3715 3517 4054 3615 plurima-

1452 3671 1637 3732 rum,
1736 3648 2051 3744 itemque
2130 3647 2754 3722 Geometricarum
2829 3649 3418 3746 propositionum,
3499 3649 4047 3747 problematum,

1452 3777 1993 3865 theorematum,
2044 3780 2166 3850 &a
2216 3801 2397 3874 quae,
2443 3779 2740 3852 confusa
2782 3791 2938 3852 tum
2979 3780 3325 3854 varietate
3365 3791 3522 3854 tum
3560 3781 4044 3868 multitudine,

1448 3911 1868 3985 memoriam
1920 3910 2330 3986 disturbant
2357 3911 2617 4002 3-has
2663 3937 2836 4009 ergo
2880 3911 3376 4009 relinquimus,
3423 3913 3822 4010 Algebram
3866 3925 4048 3988 trac-

1448 4042 1693 4118 taturi.
