4842 6219
1742 864 1878 930 DE
1925 862 2192 931 ARTE
2241 864 2815 933 LOGISTICA.
3662 874 3743 939 79

1111 1106 1432 1157 mensem
1463 1083 1542 1156 in
1575 1090 1678 1157 80
1709 1086 1876 1181 (aut
1905 1083 1988 1159 id
2019 1085 2252 1183 eirca)
2286 1084 2465 1173 dies,
2516 1086 2709 1161 diem
2752 1086 2833 1161 in
2878 1094 2977 1161 24·
3021 1086 3261 1175 horas,
3302 1088 3452 1176 δια,
3498 1088 3738 1163 distri-

1109 1215 1364 1291 buunt,
1467 1216 1914 1305 Astronomi,
1951 1220 2264 1318 gradum
2295 1220 2376 1293 in
2409 1219 2511 1294 60
2542 1220 2886 1319 scrupula.
2914 1220 3175 1319 prima,
3222 1246 3353 1296 seu
3394 1221 3737 1297 minutias

1107 1350 1404 1449 primas,
1455 1351 1768 1450 primam
1809 1352 1888 1425 in
1935 1351 2036 1427 60
2077 1354 2453 1443 secundas,
2508 1356 2901 1430 secundam
2946 1354 3023 1428 in
3070 1355 3171 1430 60
3214 1355 3489 1442 tertias,
3528 1366 3603 1430 et
3634 1356 3739 1430 ita

1107 1484 1469 1583 deinceps,
1514 1484 1954 1584 partiuntur.

911 1750 1002 1827 In
1059 1751 1532 1828 'fl-actionibus
1583 1753 1923 1853 physicis,
1997 1754 2138 1829 hoc
2195 1781 2360 1829 eum
2419 1755 2841 1855 vulgaribus
2898 1780 3279 1831 commune
3338 1768 3469 1845 est,
3535 1760 3735 1854 qued

807 1887 1086 1984 quoties
1165 1886 1362 1961 ultra
1435 1912 1648 1961 suum
1724 1878 2342 1964 denothinatorem
2415 1890 2883 1976 accreverint,
2972 1880 3415 1989 superiorem
3494 1891 3733 1965 locum

807 2020 1084 2095 unitate
1143 2032 1464 2120 augent3
1539 2032 1616 2095 et
1671 2021 1954 2119 quoties
2009 2025 2244 2122 major
2305 2023 2565 2099 finctio
2630 2026 2674 2097 ὲ
2737 2023 3017 2099 minore
3076 2025 3549 2100 subducenda
3614 2026 3729 2111 sit,

803 2156 1217 2253 praestanda
1259 2167 1369 2230 est
1411 2153 1482 2229 ei
1523 2156 1916 2254 superioris
1955 2157 2098 2232 loci
2141 2158 2384 2233 unitas
2432 2160 2529 2233 ad
2571 2158 2933 2235 defectum
2976 2156 3481 2257 supplendum.

1207 2290 1317 2366 Ut
1359 2288 1423 2363 si
1464 2288 1738 2364 fuerint
1776 2299 1868 2365 14·
1900 2290 2100 2367 horae
2135 2292 2491 2368 addendae
2524 2292 2621 2367 ad
2661 2300 2752 2377 19
2788 2291 3025 2380 boras,
3074 2318 3241 2391 quae
3282 2292 3731 2368 constituunt

1099 2430 1198 2497 83
1241 2422 1480 2511 horas,
1533 2448 1670 2521 pro
1719 2423 1984 2519 quibus
2031 2450 2182 2499 non
2233 2424 2652 2501 scribuntur
2693 2432 2793 2499 33
2842 2426 3065 2513 horae,
3122 2426 3273 2513 sed,
3330 2427 3468 2502 sub
3518 2427 3730 2502 titulo

1097 2557 1380 2632 dierum
1425 2569 1500 2631 et
1541 2558 1910 2645 horarum,
1967 2558 2384 2635 scribuntur
2429 2560 2585 2635 dies
2632 2568 2671 2634 1
2722 2572 2797 2635 et
2840 2568 2887 2645 9
2929 2559 3181 2652 horae3
3240 2560 3417 2657 quia
3455 2560 3650 2637 ultra
3682 2571 3729 2645 9

1093 2693 1312 2767 horas
1363 2704 1833 2768 accreverunt
1883 2702 1982 2767 24·
2031 2693 2232 2769 horae
2281 2694 2360 2768 in
2411 2696 2629 2769 diem.
2736 2695 2877 2783 Ita,
2926 2720 3061 2793 pro
3101 2704 3153 2785 7
3198 2706 3272 2769 et
3315 2703 3365 2779 9
3410 2695 3728 2771 denariis

1095 2826 1470 2915 addendiS,
1539 2851 1692 2901 non
1749 2826 2166 2903 scribuntur
2233 2827 2327 2903 16
2385 2828 2691 2915 denarii,
2766 2830 2893 2903 sed
2950 2837 3001 2902 4·
3059 2827 3366 2915 denarii,
3430 2839 3525 2917 et,
3590 2856 3727 2929 pro

1095 2962 1398 3037 secretis
1455 2960 1759 3060 reliquis
1825 2969 1918 3035 19.
1977 2960 2318 3049 denariis,
2398 2970 2434 3035 1
2498 2963 2638 3038 sub
2694 2961 2909 3036 titulo
2966 2959 3183 3037 solidi
3238 2960 3722 3038 inscribenda.

1095 3097 1306 3184 Item,
1351 3120 1488 3196 pro
1531 3102 1654 3171 48·
1675 3094 2032 3195 scrupulis
2073 3094 2330 3194 primis
2374 3094 2729 3172 addendis
2774 3095 2871 3171 ad
2928 3104 3019 3170 15
3070 3094 3411 3194 scrupula
3462 3095 3719 3194 prima,

1089 3255 1238 3306 non
1289 3230 1708 3306 scribuntur
1755 3229 1852 3306 63
1899 3229 2242 3328 scrupula.
2281 3229 2543 3330 prima,
2590 3231 2723 3304 sed
2764 3237 2815 3304 8
2859 3241 3167 3317 tantum,
3215 3241 3291 3305 et
3340 3240 3377 3305 1
3424 3232 3718 3329 graduS,

1091 3389 1226 3462 pro
1274 3363 1576 3462 reliquis
1629 3364 1730 3440 60
1777 3363 2156 3463 scrupulis.
2263 3364 2496 3438 Haud
2544 3390 2771 3451 secus,
2824 3376 3041 3462 prout
3090 3376 3242 3439 tam
3290 3362 3369 3439 in
3418 3365 3721 3464 integris

1089 3501 1308 3597 quam
1339 3499 1420 3572 in
1453 3497 1703 3573 stactis
1735 3498 2158 3598 vulgaribus
2189 3497 2535 3586 numeris,
2582 3497 2743 3573 fieri
2776 3499 3009 3596 sqlet3
3070 3509 3153 3574 ut
3185 3523 3355 3574 eum
3388 3499 3723 3575 addenda

1087 3643 1260 3707 sunt
1302 3632 1626 3730 quinque
1659 3643 1966 3708 centena
1996 3632 2093 3707 ad
2127 3643 2290 3707 octo
2323 3645 2652 3719 centena,
2696 3657 2845 3708 non
2890 3632 3332 3721 scribuntur,
3380 3657 3515 3708 nec
3556 3658 3717 3732 pro-

1083 3765 1550 3854 nunciantur,
1621 3773 1714 3840 13
1772 3777 2100 3853 centena,
2162 3765 2292 3841 sed
2347 3765 2549 3841 mille
2606 3765 2933 3854 trecenti,
2994 3765 3137 3842 hoe
3191 3768 3431 3854 modo,
3500 3773 3713 3841 1800.

1090 3900 1189 3975 Et
1231 3899 1312 3974 in
1355 3899 1605 3975 fractis
1649 3899 2070 3999 vulgaribus
2113 3899 2492 3989 addendis,
2545 3900 2773 3975 veluti
2816 3925 2943 3974 sex
2986 3912 3301 3999 septenae
3338 3923 3471 3986 seu
3510 3902 3585 4002 9,
3642 3913 3715 3974 et

1085 4033 1409 4132 quinque
1459 4043 1774 4132 septenae
1817 4059 1946 4109 seu
1985 4037 2039 4136 ἢ
2081 4034 2374 4124 addita,
2421 4046 2499 4110 et
2530 4033 2779 4111 debito
2806 4035 3024 4140 medo
3058 4032 3517 4121 abbreviata,
3562 4059 3711 4107 non

1083 4178 1254 4242 sunt
1301 4165 1632 4242 dieendae
1685 4167 2024 4244 undecim
2081 4179 2418 4267 septenae,
2478 4168 2608 4243 sed
2658 4179 2973 4265 quatuor
3022 4177 3358 4265 septena,
3422 4175 3518 4253 et,
3574 4191 3709 4264 pro

1081 4300 1380 4399 reliquis
1411 4311 1690 4400 septem
1723 4300 2058 4400 septenis,
2095 4301 2483 4378 scribenda
2512 4312 2621 4378 est
2654 4301 2917 4388 unitas,
2956 4299 3096 4375 hoe
3128 4299 3295 4387 situ,
3340 4303 3453 4400 12.
3558 4299 3700 4387 Sic,

1079 4435 1158 4509 in
1217 4433 1764 4522 substractione,
1823 4434 1888 4510 si
1945 4435 2218 4510 fuerint
2273 4435 2819 4512 substrahendae
2878 4441 2973 4510 14·
3029 4433 3252 4520 horae,
3314 4431 3705 4532 superioris

1079 4567 1412 4667 exempli,
1449 4594 1543 4644 ex
1575 4595 1722 4644 uno
1752 4568 1872 4644 die
1905 4580 1980 4644 et
2011 4577 2062 4654 9
2093 4568 2599 4668 horis-quia
2624 4577 2719 4644 14
2751 4567 2951 4644 horae
2984 4567 3343 4643 excedunt
3376 4574 3426 4650 9
3457 4565 3695 4654 horas,

1075 4703 1244 4778 ideo
1291 4702 1752 4779 resolvendus
1801 4714 1912 4778 est
1959 4701 2116 4778 dies
2162 4701 2288 4778 ille
2337 4702 2595 4780 unicus
2642 4703 2725 4778 in
2773 4709 2874 4777 24
2924 4701 3161 4790 boras,
3215 4725 3381 4800 quoe
3433 4725 3599 4775 eum
3650 4709 3698 4783 9

1074 4835 1274 4911 horis
1325 4835 1652 4912 efficiunt
1703 4843 1804 4911 88
1855 4837 2124 4930 horas3
2196 4839 2239 4912 ὲ
2297 4837 2563 4936 quibus
2620 4835 2995 4914 subductis
3054 4845 3149 4912 14
3200 4834 3423 4922 horis,
3482 4833 3696 4909 relin-

1075 4981 1424 5066 quuntur,
1481 4982 1566 5046 ut
1617 4995 1858 5068 supra,
1928 4979 2022 5056 19
2073 4971 2275 5047 horae
2303 4971 2678 5094 gquaedtae.
2782 4970 2925 5058 Sic,
2988 4995 3079 5046 ex
3137 4979 3172 5044 1
3234 4967 3463 5045 solido
3518 4981 3591 5042 et
3646 4979 3694 5042 4·
3770 5059 3779 5066 ,
