<?xml version="1.0" encoding="UTF-8"?>
<!DOCTYPE html PUBLIC "-//W3C//DTD XHTML 1.0 Transitional//EN"
    "http://www.w3.org/TR/xhtml1/DTD/xhtml1-transitional.dtd">
<html xmlns="http://www.w3.org/1999/xhtml" xml:lang="en" lang="en">
 <head>
  <title>
</title>
<meta http-equiv="Content-Type" content="text/html;charset=utf-8" />
  <meta name='ocr-system' content='tesseract 3.04.00' />
  <meta name='ocr-capabilities' content='ocr_page ocr_carea ocr_par ocr_line ocrx_word'/>
</head>
<body>
  <div class='ocr_page' id='page_1' title='image "./deartelogistica00unkngoog_0134.png"; bbox 0 0 4842 6219; ppageno 0'>
   <div class='ocr_carea' id='block_1_1' title="bbox 1202 888 1277 949">
    <p class='ocr_par' dir='ltr' id='par_1_1' title="bbox 1202 888 1277 949">
     <span class='ocr_line' id='line_1_1' title="bbox 1202 888 1277 949; baseline 0 0"><span class='ocrx_word' id='word_1_1' title='bbox 1202 888 1277 949; x_wconf 84' lang='lat'><strong>12</strong></span> 
     </span>
    </p>
   </div>
   <div class='ocr_carea' id='block_1_2' title="bbox 2120 882 3192 951">
    <p class='ocr_par' dir='ltr' id='par_1_2' title="bbox 2120 882 3192 951">
     <span class='ocr_line' id='line_1_2' title="bbox 2120 882 3192 951; baseline 0.001 -4"><span class='ocrx_word' id='word_1_2' title='bbox 2120 882 2257 947; x_wconf 89' lang='lat' dir='ltr'><strong>DE</strong></span> <span class='ocrx_word' id='word_1_3' title='bbox 2306 882 2573 948; x_wconf 86' lang='lat' dir='ltr'><strong>ARTE</strong></span> <span class='ocrx_word' id='word_1_4' title='bbox 2621 882 3192 951; x_wconf 88' lang='lat' dir='ltr'><strong>LOGISTICA.</strong></span> 
     </span>
    </p>
   </div>
   <div class='ocr_carea' id='block_1_3' title="bbox 1302 1101 4106 1201">
    <p class='ocr_par' dir='ltr' id='par_1_3' title="bbox 1302 1101 4106 1201">
     <span class='ocr_line' id='line_1_3' title="bbox 1302 1101 4106 1201; baseline 0.002 -23"><span class='ocrx_word' id='word_1_5' title='bbox 1302 1105 1505 1178; x_wconf 92' lang='lat' dir='ltr'><strong>Hinc</strong></span> <span class='ocrx_word' id='word_1_6' title='bbox 1536 1104 1619 1177; x_wconf 84' lang='lat' dir='ltr'><strong>fit</strong></span> <span class='ocrx_word' id='word_1_7' title='bbox 1653 1101 1989 1177; x_wconf 85' lang='lat' dir='ltr'><strong>radicalis</strong></span> <span class='ocrx_word' id='word_1_8' title='bbox 2020 1101 2638 1200; x_wconf 81' lang='lat' dir='ltr'><strong>multiplicationis</strong></span> <span class='ocrx_word' id='word_1_9' title='bbox 2673 1116 2888 1201; x_wconf 87' lang='lat' dir='ltr'><strong>atque</strong></span> <span class='ocrx_word' id='word_1_10' title='bbox 2921 1101 3384 1176; x_wconf 77' lang='lat' dir='ltr'><strong>extractionis</strong></span> <span class='ocrx_word' id='word_1_11' title='bbox 3427 1104 3929 1199; x_wconf 81' lang='lat' dir='ltr'><strong>compendium</strong></span> <span class='ocrx_word' id='word_1_12' title='bbox 3979 1109 4106 1183; x_wconf 90' lang='lat' dir='ltr'><strong>ubi</strong></span> 
     </span>
    </p>
   </div>
   <div class='ocr_carea' id='block_1_4' title="bbox 1194 1233 4107 1463">
    <p class='ocr_par' dir='ltr' id='par_1_4' title="bbox 1194 1233 4107 1463">
     <span class='ocr_line' id='line_1_4' title="bbox 1194 1233 4107 1334; baseline -0 -23"><span class='ocrx_word' id='word_1_13' title='bbox 1194 1237 1469 1311; x_wconf 90' lang='lat' dir='ltr'><strong>indices</strong></span> <span class='ocrx_word' id='word_1_14' title='bbox 1503 1246 1671 1310; x_wconf 88' lang='lat' dir='ltr'><strong>sunt</strong></span> <span class='ocrx_word' id='word_1_15' title='bbox 1704 1233 2100 1332; x_wconf 87' lang='lat' dir='ltr'><strong>compositi,</strong></span> <span class='ocrx_word' id='word_1_16' title='bbox 2138 1233 2419 1309; x_wconf 77' lang='lat' dir='ltr'><strong>facilius</strong></span> <span class='ocrx_word' id='word_1_17' title='bbox 2455 1234 2646 1307; x_wconf 90' lang='lat' dir='ltr'><strong>enim</strong></span> <span class='ocrx_word' id='word_1_18' title='bbox 2670 1261 2801 1334; x_wconf 90' lang='lat' dir='ltr'><strong>per</strong></span> <span class='ocrx_word' id='word_1_19' title='bbox 2824 1244 3326 1331; x_wconf 83' lang='lat' dir='ltr'><strong>componentes</strong></span> <span class='ocrx_word' id='word_1_20' title='bbox 3361 1233 3732 1330; x_wconf 83' lang='lat' dir='ltr'><strong>sigillatim</strong></span> <span class='ocrx_word' id='word_1_21' title='bbox 3761 1235 4107 1334; x_wconf 88' lang='lat' dir='ltr'><strong>multipli-</strong></span> 
     </span>
     <span class='ocr_line' id='line_1_5' title="bbox 1194 1365 3070 1463; baseline -0.003 -20"><span class='ocrx_word' id='word_1_22' title='bbox 1194 1380 1471 1454; x_wconf 81' lang='lat' dir='ltr'><strong>cantur,</strong></span> <span class='ocrx_word' id='word_1_23' title='bbox 1512 1380 1636 1441; x_wconf 90' lang='lat' dir='ltr'><strong>aut</strong></span> <span class='ocrx_word' id='word_1_24' title='bbox 1670 1366 2170 1452; x_wconf 88' lang='lat' dir='ltr'><strong>extrahuntur,</strong></span> <span class='ocrx_word' id='word_1_25' title='bbox 2210 1369 2428 1460; x_wconf 75' lang='lat' dir='ltr'><strong>quam</strong></span> <span class='ocrx_word' id='word_1_26' title='bbox 2457 1390 2591 1462; x_wconf 89' lang='lat' dir='ltr'><strong>per</strong></span> <span class='ocrx_word' id='word_1_27' title='bbox 2622 1365 3070 1463; x_wconf 77' lang='lat' dir='ltr'><strong>compositos·</strong></span> 
     </span>
    </p>
   </div>
   <div class='ocr_carea' id='block_1_5' title="bbox 1482 1496 4100 2908">
    <p class='ocr_par' dir='ltr' id='par_1_5' title="bbox 1482 1496 4100 2908">
     <span class='ocr_line' id='line_1_6' title="bbox 1592 1496 4100 1597; baseline -0.001 -23"><span class='ocrx_word' id='word_1_28' title='bbox 1592 1498 1927 1597; x_wconf 82' lang='lat' dir='ltr'><strong>Exempli</strong></span> <span class='ocrx_word' id='word_1_29' title='bbox 1971 1498 2224 1595; x_wconf 72' lang='lat' dir='ltr'><strong>gratia,</strong></span> <span class='ocrx_word' id='word_1_30' title='bbox 2276 1499 2490 1571; x_wconf 81' lang='lat' dir='ltr'><strong>radix</strong></span> <span class='ocrx_word' id='word_1_31' title='bbox 2537 1497 3116 1596; x_wconf 75' lang='lat' dir='ltr'><strong>quadripartiens</strong></span> <span class='ocrx_word' id='word_1_32' title='bbox 3159 1496 3524 1569; x_wconf 87' lang='lat' dir='ltr'><strong>difficilius</strong></span> <span class='ocrx_word' id='word_1_33' title='bbox 3559 1523 3704 1570; x_wconf 84' lang='lat' dir='ltr'><strong>uno</strong></span> <span class='ocrx_word' id='word_1_34' title='bbox 3737 1522 3949 1595; x_wconf 90' lang='lat' dir='ltr'><strong>opere</strong></span> <span class='ocrx_word' id='word_1_35' title='bbox 3983 1525 4100 1572; x_wconf 90' lang='lat' dir='ltr'><strong>ex-</strong></span> 
     </span>
     <span class='ocr_line' id='line_1_7' title="bbox 1490 1627 4100 1726; baseline -0 -22"><span class='ocrx_word' id='word_1_36' title='bbox 1490 1630 1805 1706; x_wconf 83' lang='lat' dir='ltr'><strong>trahitur</strong></span> <span class='ocrx_word' id='word_1_37' title='bbox 1838 1656 1926 1703; x_wconf 92' lang='lat' dir='ltr'><strong>ex</strong></span> <span class='ocrx_word' id='word_1_38' title='bbox 1959 1630 2281 1704; x_wconf 80' lang='lat' dir='ltr'><strong>radicato</strong></span> <span class='ocrx_word' id='word_1_39' title='bbox 2316 1631 2509 1716; x_wconf 89' lang='lat' dir='ltr'><strong>dato,</strong></span> <span class='ocrx_word' id='word_1_40' title='bbox 2539 1632 2758 1725; x_wconf 73' lang='lat' dir='ltr'><strong>quam</strong></span> <span class='ocrx_word' id='word_1_41' title='bbox 2791 1630 2856 1702; x_wconf 85' lang='lat' dir='ltr'><strong>si</strong></span> <span class='ocrx_word' id='word_1_42' title='bbox 2887 1630 3208 1726; x_wconf 87' lang='lat' dir='ltr'><strong>ejusdem</strong></span> <span class='ocrx_word' id='word_1_43' title='bbox 3239 1627 3561 1701; x_wconf 82' lang='lat' dir='ltr'><strong>radicem</strong></span> <span class='ocrx_word' id='word_1_44' title='bbox 3593 1628 4100 1725; x_wconf 89' lang='lat' dir='ltr'><strong>bipartientem</strong></span> 
     </span>
     <span class='ocr_line' id='line_1_8' title="bbox 1486 1759 4096 1861; baseline 0 -26"><span class='ocrx_word' id='word_1_45' title='bbox 1486 1763 1721 1861; x_wconf 78' lang='lat' dir='ltr'><strong>primo</strong></span> <span class='ocrx_word' id='word_1_46' title='bbox 1747 1761 2143 1835; x_wconf 80' lang='lat' dir='ltr'><strong>extraxeris</strong></span> <span class='ocrx_word' id='word_1_47' title='bbox 2178 1773 2393 1858; x_wconf 88' lang='lat' dir='ltr'><strong>atque</strong></span> <span class='ocrx_word' id='word_1_48' title='bbox 2427 1760 2599 1835; x_wconf 91' lang='lat' dir='ltr'><strong>hinc</strong></span> <span class='ocrx_word' id='word_1_49' title='bbox 2631 1762 2892 1835; x_wconf 89' lang='lat' dir='ltr'><strong>deinde</strong></span> <span class='ocrx_word' id='word_1_50' title='bbox 2927 1760 3144 1833; x_wconf 88' lang='lat' dir='ltr'><strong>aliam</strong></span> <span class='ocrx_word' id='word_1_51' title='bbox 3175 1759 3704 1856; x_wconf 89' lang='lat' dir='ltr'><strong>bipartientem.</strong></span> <span class='ocrx_word' id='word_1_52' title='bbox 3793 1762 3912 1835; x_wconf 90' lang='lat' dir='ltr'><strong>Sic</strong></span> <span class='ocrx_word' id='word_1_53' title='bbox 3945 1788 4096 1835; x_wconf 89' lang='lat' dir='ltr'><strong>sex-</strong></span> 
     </span>
     <span class='ocr_line' id='line_1_9' title="bbox 1486 1890 4096 1992; baseline -0.001 -24"><span class='ocrx_word' id='word_1_54' title='bbox 1486 1894 1836 1992; x_wconf 91' lang='lat' dir='ltr'><strong>tuplicare</strong></span> <span class='ocrx_word' id='word_1_55' title='bbox 1885 1893 2227 1979; x_wconf 80' lang='lat' dir='ltr'><strong>radicem,</strong></span> <span class='ocrx_word' id='word_1_56' title='bbox 2281 1891 2392 1966; x_wconf 86' lang='lat' dir='ltr'><strong>vel</strong></span> <span class='ocrx_word' id='word_1_57' title='bbox 2445 1892 3080 1989; x_wconf 89' lang='lat' dir='ltr'><strong>sextupartientem</strong></span> <span class='ocrx_word' id='word_1_58' title='bbox 3129 1890 3448 1963; x_wconf 88' lang='lat' dir='ltr'><strong>radicem</strong></span> <span class='ocrx_word' id='word_1_59' title='bbox 3499 1891 3897 1979; x_wconf 82' lang='lat' dir='ltr'><strong>extrahere,</strong></span> <span class='ocrx_word' id='word_1_60' title='bbox 3952 1920 4096 1967; x_wconf 94' lang='lat' dir='ltr'><strong>non</strong></span> 
     </span>
     <span class='ocr_line' id='line_1_10' title="bbox 1490 2002 4097 2121; baseline -0.001 -21"><span class='ocrx_word' id='word_1_61' title='bbox 1490 2040 1637 2101; x_wconf 86' lang='lat' dir='ltr'><strong>tam</strong></span> <span class='ocrx_word' id='word_1_62' title='bbox 1684 2025 1893 2099; x_wconf 86' lang='lat' dir='ltr'><strong>facile</strong></span> <span class='ocrx_word' id='word_1_63' title='bbox 1938 2025 2031 2098; x_wconf 90' lang='lat' dir='ltr'><strong>sit</strong></span> <span class='ocrx_word' id='word_1_64' title='bbox 2075 2026 2291 2119; x_wconf 75' lang='lat' dir='ltr'><strong>quam</strong></span> <span class='ocrx_word' id='word_1_65' title='bbox 2325 2024 2387 2096; x_wconf 91' lang='lat' dir='ltr'><strong>si</strong></span> <span class='ocrx_word' id='word_1_66' title='bbox 2418 2024 2655 2121; x_wconf 74' lang='lat' dir='ltr'><strong>primo</strong></span> <span class='ocrx_word' id='word_1_67' title='bbox 2688 2024 3184 2120; x_wconf 82' lang='lat' dir='ltr'><strong>triplicaveris,</strong></span> <span class='ocrx_word' id='word_1_68' title='bbox 3235 2034 3361 2096; x_wconf 89' lang='lat' dir='ltr'><strong>aut</strong></span> <span class='ocrx_word' id='word_1_69' title='bbox 3404 2002 3931 2121; x_wconf 86' lang='lat' dir='ltr'><strong>tripartientem</strong></span> <span class='ocrx_word' id='word_1_70' title='bbox 3981 2050 4097 2098; x_wconf 92' lang='lat' dir='ltr'><strong>ex-</strong></span> 
     </span>
     <span class='ocr_line' id='line_1_11' title="bbox 1485 2154 4094 2252; baseline -0.002 -20"><span class='ocrx_word' id='word_1_71' title='bbox 1485 2158 1815 2243; x_wconf 81' lang='lat' dir='ltr'><strong>traxeriS,</strong></span> <span class='ocrx_word' id='word_1_72' title='bbox 1862 2156 2033 2230; x_wconf 89' lang='lat' dir='ltr'><strong>inde</strong></span> <span class='ocrx_word' id='word_1_73' title='bbox 2078 2154 2555 2252; x_wconf 86' lang='lat' dir='ltr'><strong>duplicaveris</strong></span> <span class='ocrx_word' id='word_1_74' title='bbox 2600 2165 2725 2228; x_wconf 91' lang='lat' dir='ltr'><strong>aut</strong></span> <span class='ocrx_word' id='word_1_75' title='bbox 2763 2154 3272 2251; x_wconf 89' lang='lat' dir='ltr'><strong>bipartientem</strong></span> <span class='ocrx_word' id='word_1_76' title='bbox 3305 2154 3720 2227; x_wconf 78' lang='lat' dir='ltr'><strong>extraxeris,</strong></span> <span class='ocrx_word' id='word_1_77' title='bbox 3825 2155 4094 2229; x_wconf 88' lang='lat' dir='ltr'><strong>Similis</strong></span> 
     </span>
     <span class='ocr_line' id='line_1_12' title="bbox 1486 2284 4094 2383; baseline -0.001 -21"><span class='ocrx_word' id='word_1_78' title='bbox 1486 2301 1593 2363; x_wconf 88' lang='lat' dir='ltr'><strong>est</strong></span> <span class='ocrx_word' id='word_1_79' title='bbox 1620 2287 1963 2360; x_wconf 89' lang='lat' dir='ltr'><strong>similium</strong></span> <span class='ocrx_word' id='word_1_80' title='bbox 1997 2285 2202 2359; x_wconf 87' lang='lat' dir='ltr'><strong>ratio.</strong></span> <span class='ocrx_word' id='word_1_81' title='bbox 2292 2285 2724 2383; x_wconf 90' lang='lat' dir='ltr'><strong>Exemplum</strong></span> <span class='ocrx_word' id='word_1_82' title='bbox 2755 2285 2834 2357; x_wconf 88' lang='lat' dir='ltr'><strong>in</strong></span> <span class='ocrx_word' id='word_1_83' title='bbox 2865 2285 3183 2359; x_wconf 88' lang='lat' dir='ltr'><strong>numeris</strong></span> <span class='ocrx_word' id='word_1_84' title='bbox 3212 2313 3230 2358; x_wconf 71' lang='grc' dir='ltr'>ε</span> <span class='ocrx_word' id='word_1_85' title='bbox 3290 2284 3537 2358; x_wconf 81' lang='lat' dir='ltr'><strong>Radix</strong></span> <span class='ocrx_word' id='word_1_86' title='bbox 3571 2286 4094 2383; x_wconf 85' lang='lat' dir='ltr'><strong>sextupartiens</strong></span> 
     </span>
     <span class='ocr_line' id='line_1_13' title="bbox 1487 2415 4090 2514; baseline -0.001 -21"><span class='ocrx_word' id='word_1_87' title='bbox 1487 2423 1527 2493; x_wconf 73' lang='grc' dir='ltr'>ὲ</span> <span class='ocrx_word' id='word_1_88' title='bbox 1562 2420 1659 2493; x_wconf 71' lang='lat'><strong>64</strong></span> <span class='ocrx_word' id='word_1_89' title='bbox 1692 2418 1973 2491; x_wconf 80' lang='lat' dir='ltr'><strong>facilius</strong></span> <span class='ocrx_word' id='word_1_90' title='bbox 2006 2416 2410 2491; x_wconf 87' lang='lat' dir='ltr'><strong>extrahitur</strong></span> <span class='ocrx_word' id='word_1_91' title='bbox 2442 2416 2678 2513; x_wconf 75' lang='lat' dir='ltr'><strong>primo</strong></span> <span class='ocrx_word' id='word_1_92' title='bbox 2708 2416 3028 2490; x_wconf 87' lang='lat' dir='ltr'><strong>radicem</strong></span> <span class='ocrx_word' id='word_1_93' title='bbox 3059 2415 3582 2514; x_wconf 88' lang='lat' dir='ltr'><strong>tripartientem</strong></span> <span class='ocrx_word' id='word_1_94' title='bbox 3627 2416 4090 2503; x_wconf 81' lang='lat' dir='ltr'><strong>extrahendO,</strong></span> 
     </span>
     <span class='ocr_line' id='line_1_14' title="bbox 1488 2547 4092 2646; baseline -0.001 -22"><span class='ocrx_word' id='word_1_95' title='bbox 1488 2562 1567 2624; x_wconf 94' lang='lat' dir='ltr'><strong>ut</strong></span> <span class='ocrx_word' id='word_1_96' title='bbox 1610 2550 1789 2623; x_wconf 88' lang='lat' dir='ltr'><strong>fiant</strong></span> <span class='ocrx_word' id='word_1_97' title='bbox 1831 2558 1902 2635; x_wconf 81' lang='lat'><strong>4,</strong></span> <span class='ocrx_word' id='word_1_98' title='bbox 1952 2548 2119 2621; x_wconf 91' lang='lat' dir='ltr'><strong>inde</strong></span> <span class='ocrx_word' id='word_1_99' title='bbox 2162 2547 2669 2645; x_wconf 88' lang='lat' dir='ltr'><strong>bipartientem</strong></span> <span class='ocrx_word' id='word_1_100' title='bbox 2711 2547 3172 2633; x_wconf 87' lang='lat' dir='ltr'><strong>extrahendo,</strong></span> <span class='ocrx_word' id='word_1_101' title='bbox 3224 2558 3307 2620; x_wconf 90' lang='lat' dir='ltr'><strong>ut</strong></span> <span class='ocrx_word' id='word_1_102' title='bbox 3345 2547 3523 2620; x_wconf 87' lang='lat' dir='ltr'><strong>fiant</strong></span> <span class='ocrx_word' id='word_1_103' title='bbox 3555 2556 3603 2621; x_wconf 90' lang='grc'><strong>2</strong></span> <span class='ocrx_word' id='word_1_104' title='bbox 3634 2579 3657 2638; x_wconf 89' lang='lat'>;</span> <span class='ocrx_word' id='word_1_105' title='bbox 3712 2548 3827 2621; x_wconf 88' lang='lat' dir='ltr'><strong>vel</strong></span> <span class='ocrx_word' id='word_1_106' title='bbox 3857 2548 4092 2646; x_wconf 72' lang='lat' dir='ltr'><strong>primo</strong></span> 
     </span>
     <span class='ocr_line' id='line_1_15' title="bbox 1483 2678 4092 2777; baseline -0.001 -21"><span class='ocrx_word' id='word_1_107' title='bbox 1483 2683 1802 2756; x_wconf 85' lang='lat' dir='ltr'><strong>radicem</strong></span> <span class='ocrx_word' id='word_1_108' title='bbox 1852 2680 2359 2777; x_wconf 90' lang='lat' dir='ltr'><strong>bipartientem</strong></span> <span class='ocrx_word' id='word_1_109' title='bbox 2408 2679 2848 2753; x_wconf 86' lang='lat' dir='ltr'><strong>extrahendo</strong></span> <span class='ocrx_word' id='word_1_110' title='bbox 2899 2680 2938 2751; x_wconf 79' lang='grc' dir='ltr'>ὲ</span> <span class='ocrx_word' id='word_1_111' title='bbox 2985 2678 3102 2765; x_wconf 73' lang='grc'><strong>64,</strong></span> <span class='ocrx_word' id='word_1_112' title='bbox 3156 2690 3240 2752; x_wconf 93' lang='lat' dir='ltr'><strong>ut</strong></span> <span class='ocrx_word' id='word_1_113' title='bbox 3288 2678 3467 2752; x_wconf 89' lang='lat' dir='ltr'><strong>fiant</strong></span> <span class='ocrx_word' id='word_1_114' title='bbox 3519 2686 3587 2764; x_wconf 91' lang='lat'><strong>8,</strong></span> <span class='ocrx_word' id='word_1_115' title='bbox 3641 2680 3811 2752; x_wconf 90' lang='lat' dir='ltr'><strong>inde</strong></span> <span class='ocrx_word' id='word_1_116' title='bbox 3861 2692 4092 2753; x_wconf 40' lang='lat' dir='ltr'><strong>extra?</strong></span> 
     </span>
     <span class='ocr_line' id='line_1_16' title="bbox 1482 2809 4090 2908; baseline -0.002 -21"><span class='ocrx_word' id='word_1_117' title='bbox 1482 2814 1721 2887; x_wconf 88' lang='lat' dir='ltr'><strong>hendo</strong></span> <span class='ocrx_word' id='word_1_118' title='bbox 1754 2812 2071 2886; x_wconf 87' lang='lat' dir='ltr'><strong>radicem</strong></span> <span class='ocrx_word' id='word_1_119' title='bbox 2106 2809 2630 2907; x_wconf 90' lang='lat' dir='ltr'><strong>tripartientem</strong></span> <span class='ocrx_word' id='word_1_120' title='bbox 2665 2811 2702 2884; x_wconf 78' lang='grc' dir='ltr'>ὲ</span> <span class='ocrx_word' id='word_1_121' title='bbox 2741 2817 2808 2895; x_wconf 91' lang='grc'><strong>8,</strong></span> <span class='ocrx_word' id='word_1_122' title='bbox 2859 2822 2942 2883; x_wconf 93' lang='lat' dir='ltr'><strong>ut</strong></span> <span class='ocrx_word' id='word_1_123' title='bbox 2984 2809 3162 2883; x_wconf 90' lang='lat' dir='ltr'><strong>fiant</strong></span> <span class='ocrx_word' id='word_1_124' title='bbox 3202 2818 3272 2895; x_wconf 91' lang='grc'><strong>2,</strong></span> <span class='ocrx_word' id='word_1_125' title='bbox 3323 2809 3532 2884; x_wconf 90' lang='lat' dir='ltr'><strong>radix</strong></span> <span class='ocrx_word' id='word_1_126' title='bbox 3567 2811 4090 2908; x_wconf 87' lang='lat' dir='ltr'><strong>sextupartiens</strong></span> 
     </span>
    </p>
   </div>
   <div class='ocr_carea' id='block_1_6' title="bbox 1478 2945 1799 3043">
    <p class='ocr_par' dir='ltr' id='par_1_6' title="bbox 1478 2945 1799 3043">
     <span class='ocr_line' id='line_1_17' title="bbox 1478 2945 1799 3043; baseline -0.009 -23"><span class='ocrx_word' id='word_1_127' title='bbox 1478 2945 1799 3043; x_wconf 84' lang='lat' dir='ltr'><strong>quaesita.</strong></span> 
     </span>
    </p>
   </div>
   <div class='ocr_carea' id='block_1_7' title="bbox 1286 3206 4087 3310">
    <p class='ocr_par' dir='ltr' id='par_1_7' title="bbox 1286 3206 4087 3310">
     <span class='ocr_line' id='line_1_18' title="bbox 1286 3206 4087 3310; baseline -0.002 -24"><span class='ocrx_word' id='word_1_128' title='bbox 1286 3215 1401 3286; x_wconf 92' lang='lat' dir='ltr'><strong>Ex</strong></span> <span class='ocrx_word' id='word_1_129' title='bbox 1448 3213 1832 3310; x_wconf 87' lang='lat' dir='ltr'><strong>praemissis</strong></span> <span class='ocrx_word' id='word_1_130' title='bbox 1885 3212 2249 3310; x_wconf 85' lang='lat' dir='ltr'><strong>colligitur</strong></span> <span class='ocrx_word' id='word_1_131' title='bbox 2297 3211 2634 3285; x_wconf 86' lang='lat' dir='ltr'><strong>radicalis</strong></span> <span class='ocrx_word' id='word_1_132' title='bbox 2684 3207 3324 3308; x_wconf 76' lang='lat' dir='ltr'><strong>multiplicationiS,</strong></span> <span class='ocrx_word' id='word_1_133' title='bbox 3373 3206 3805 3305; x_wconf 88' lang='lat' dir='ltr'><strong>partitionis,</strong></span> <span class='ocrx_word' id='word_1_134' title='bbox 3854 3219 3927 3280; x_wconf 91' lang='lat' dir='ltr'><strong>et</strong></span> <span class='ocrx_word' id='word_1_135' title='bbox 3970 3233 4087 3280; x_wconf 89' lang='lat' dir='ltr'><strong>ex-</strong></span> 
     </span>
    </p>
   </div>
   <div class='ocr_carea' id='block_1_8' title="bbox 1182 3339 4086 3702">
    <p class='ocr_par' dir='ltr' id='par_1_8' title="bbox 1182 3339 4086 3702">
     <span class='ocr_line' id='line_1_19' title="bbox 1184 3339 4086 3441; baseline -0.002 -24"><span class='ocrx_word' id='word_1_136' title='bbox 1184 3343 1553 3418; x_wconf 86' lang='lat' dir='ltr'><strong>tractionis</strong></span> <span class='ocrx_word' id='word_1_137' title='bbox 1598 3344 1937 3441; x_wconf 82' lang='lat' dir='ltr'><strong>singulas,</strong></span> <span class='ocrx_word' id='word_1_138' title='bbox 1986 3344 2131 3416; x_wconf 91' lang='lat' dir='ltr'><strong>duo</strong></span> <span class='ocrx_word' id='word_1_139' title='bbox 2163 3342 2430 3416; x_wconf 89' lang='lat' dir='ltr'><strong>habere</strong></span> <span class='ocrx_word' id='word_1_140' title='bbox 2465 3341 2844 3432; x_wconf 84' lang='lat' dir='ltr'><strong>examina3</strong></span> <span class='ocrx_word' id='word_1_141' title='bbox 2900 3341 3248 3414; x_wconf 89' lang='lat' dir='ltr'><strong>nimirum</strong></span> <span class='ocrx_word' id='word_1_142' title='bbox 3288 3339 3792 3436; x_wconf 83' lang='lat' dir='ltr'><strong>multiplicatio</strong></span> <span class='ocrx_word' id='word_1_143' title='bbox 3834 3339 4086 3434; x_wconf 84' lang='lat' dir='ltr'><strong>proba-</strong></span> 
     </span>
     <span class='ocr_line' id='line_1_20' title="bbox 1184 3468 4086 3571; baseline -0.002 -23"><span class='ocrx_word' id='word_1_144' title='bbox 1184 3489 1304 3548; x_wconf 91' lang='lat' dir='ltr'><strong>tur</strong></span> <span class='ocrx_word' id='word_1_145' title='bbox 1348 3475 1460 3548; x_wconf 88' lang='lat' dir='ltr'><strong>vel</strong></span> <span class='ocrx_word' id='word_1_146' title='bbox 1501 3471 1888 3571; x_wconf 88' lang='lat' dir='ltr'><strong>partitione</strong></span> <span class='ocrx_word' id='word_1_147' title='bbox 1932 3475 2046 3546; x_wconf 86' lang='lat' dir='ltr'><strong>vel</strong></span> <span class='ocrx_word' id='word_1_148' title='bbox 2090 3473 2532 3547; x_wconf 88' lang='lat' dir='ltr'><strong>extractione</strong></span> <span class='ocrx_word' id='word_1_149' title='bbox 2561 3503 2581 3562; x_wconf 83' lang='lat'>3</span> <span class='ocrx_word' id='word_1_150' title='bbox 2639 3472 2934 3570; x_wconf 88' lang='lat' dir='ltr'><strong>partitio</strong></span> <span class='ocrx_word' id='word_1_151' title='bbox 2965 3473 3313 3568; x_wconf 89' lang='lat' dir='ltr'><strong>probatur</strong></span> <span class='ocrx_word' id='word_1_152' title='bbox 3347 3470 3456 3543; x_wconf 82' lang='lat' dir='ltr'><strong>vel</strong></span> <span class='ocrx_word' id='word_1_153' title='bbox 3489 3468 4086 3566; x_wconf 89' lang='lat' dir='ltr'><strong>multiplicatione</strong></span> 
     </span>
     <span class='ocr_line' id='line_1_21' title="bbox 1182 3602 3610 3702; baseline -0.002 -23"><span class='ocrx_word' id='word_1_154' title='bbox 1182 3608 1296 3679; x_wconf 82' lang='lat' dir='ltr'><strong>vel</strong></span> <span class='ocrx_word' id='word_1_155' title='bbox 1328 3605 1769 3680; x_wconf 88' lang='lat' dir='ltr'><strong>extractione</strong></span> <span class='ocrx_word' id='word_1_156' title='bbox 1800 3637 1820 3695; x_wconf 85' lang='lat'><em>3</em></span> <span class='ocrx_word' id='word_1_157' title='bbox 1878 3605 2247 3690; x_wconf 89' lang='lat' dir='ltr'><strong>extracti0,</strong></span> <span class='ocrx_word' id='word_1_158' title='bbox 2286 3605 2400 3677; x_wconf 86' lang='lat' dir='ltr'><strong>vel</strong></span> <span class='ocrx_word' id='word_1_159' title='bbox 2432 3603 3027 3702; x_wconf 87' lang='lat' dir='ltr'><strong>multiplicatione</strong></span> <span class='ocrx_word' id='word_1_160' title='bbox 3059 3603 3172 3676; x_wconf 85' lang='lat' dir='ltr'><strong>vel</strong></span> <span class='ocrx_word' id='word_1_161' title='bbox 3203 3602 3610 3700; x_wconf 89' lang='lat' dir='ltr'><strong>partitione.</strong></span> 
     </span>
    </p>
   </div>
   <div class='ocr_carea' id='block_1_9' title="bbox 1476 3731 4084 4996">
    <p class='ocr_par' dir='ltr' id='par_1_9' title="bbox 1476 3731 4084 4996">
     <span class='ocr_line' id='line_1_22' title="bbox 1580 3731 4084 3833; baseline -0.003 -23"><span class='ocrx_word' id='word_1_162' title='bbox 1580 3737 1687 3810; x_wconf 89' lang='lat' dir='ltr'><strong>Ut</strong></span> <span class='ocrx_word' id='word_1_163' title='bbox 1719 3735 1799 3808; x_wconf 90' lang='lat' dir='ltr'><strong>in</strong></span> <span class='ocrx_word' id='word_1_164' title='bbox 1832 3735 2197 3833; x_wconf 90' lang='lat' dir='ltr'><strong>superiore</strong></span> <span class='ocrx_word' id='word_1_165' title='bbox 2231 3736 2555 3832; x_wconf 90' lang='lat' dir='ltr'><strong>exemplo</strong></span> <span class='ocrx_word' id='word_1_166' title='bbox 2588 3735 2894 3808; x_wconf 86' lang='lat' dir='ltr'><strong>radicati</strong></span> <span class='ocrx_word' id='word_1_167' title='bbox 2927 3741 3047 3821; x_wconf 95' lang='grc'><strong>32,</strong></span> <span class='ocrx_word' id='word_1_168' title='bbox 3091 3733 3352 3806; x_wconf 88' lang='lat' dir='ltr'><strong>indicis</strong></span> <span class='ocrx_word' id='word_1_169' title='bbox 3385 3743 3455 3818; x_wconf 90' lang='lat'><strong>5,</strong></span> <span class='ocrx_word' id='word_1_170' title='bbox 3500 3745 3573 3806; x_wconf 91' lang='lat' dir='ltr'><strong>et</strong></span> <span class='ocrx_word' id='word_1_171' title='bbox 3604 3732 3870 3805; x_wconf 88' lang='lat' dir='ltr'><strong>radicis</strong></span> <span class='ocrx_word' id='word_1_172' title='bbox 3905 3739 3973 3817; x_wconf 89' lang='grc'><strong>2,</strong></span> <span class='ocrx_word' id='word_1_173' title='bbox 4023 3731 4084 3803; x_wconf 88' lang='lat' dir='ltr'><strong>si</strong></span> 
     </span>
     <span class='ocr_line' id='line_1_23' title="bbox 1480 3863 4084 3962; baseline -0.002 -22"><span class='ocrx_word' id='word_1_174' title='bbox 1480 3867 1763 3940; x_wconf 87' lang='lat' dir='ltr'><strong>dubites</strong></span> <span class='ocrx_word' id='word_1_175' title='bbox 1808 3891 1902 3939; x_wconf 88' lang='lat' dir='ltr'><strong>an</strong></span> <span class='ocrx_word' id='word_1_176' title='bbox 1946 3871 2043 3938; x_wconf 91' lang='grc'><strong>32</strong></span> <span class='ocrx_word' id='word_1_177' title='bbox 2090 3865 2236 3939; x_wconf 89' lang='lat' dir='ltr'><strong>sint</strong></span> <span class='ocrx_word' id='word_1_178' title='bbox 2280 3865 2885 3962; x_wconf 87' lang='lat' dir='ltr'><strong>quintuplicatum</strong></span> <span class='ocrx_word' id='word_1_179' title='bbox 2917 3865 3204 3951; x_wconf 88' lang='lat' dir='ltr'><strong>binarii,</strong></span> <span class='ocrx_word' id='word_1_180' title='bbox 3240 3863 3653 3937; x_wconf 79' lang='lat' dir='ltr'><strong>radicaliter</strong></span> <span class='ocrx_word' id='word_1_181' title='bbox 3683 3863 3953 3961; x_wconf 88' lang='lat' dir='ltr'><strong>partire</strong></span> <span class='ocrx_word' id='word_1_182' title='bbox 3986 3868 4084 3934; x_wconf 89' lang='grc'><strong>32</strong></span> 
     </span>
     <span class='ocr_line' id='line_1_24' title="bbox 1476 3995 4084 4097; baseline -0.002 -25"><span class='ocrx_word' id='word_1_183' title='bbox 1476 4024 1607 4097; x_wconf 86' lang='lat' dir='ltr'><strong>per</strong></span> <span class='ocrx_word' id='word_1_184' title='bbox 1658 4007 1706 4070; x_wconf 87' lang='grc'><strong>2</strong></span> <span class='ocrx_word' id='word_1_185' title='bbox 1756 4009 1829 4071; x_wconf 92' lang='lat' dir='ltr'><strong>et</strong></span> <span class='ocrx_word' id='word_1_186' title='bbox 1878 3997 2152 4072; x_wconf 90' lang='lat' dir='ltr'><strong>incides</strong></span> <span class='ocrx_word' id='word_1_187' title='bbox 2202 3997 2280 4069; x_wconf 86' lang='lat' dir='ltr'><strong>in</strong></span> <span class='ocrx_word' id='word_1_188' title='bbox 2331 4006 2401 4083; x_wconf 88' lang='lat'><strong>5,</strong></span> <span class='ocrx_word' id='word_1_189' title='bbox 2457 3997 2770 4071; x_wconf 87' lang='lat' dir='ltr'><strong>indicem</strong></span> <span class='ocrx_word' id='word_1_190' title='bbox 2801 3997 3236 4096; x_wconf 84' lang='lat' dir='ltr'><strong>pristinum3</strong></span> <span class='ocrx_word' id='word_1_191' title='bbox 3291 3997 3404 4069; x_wconf 85' lang='lat' dir='ltr'><strong>vel</strong></span> <span class='ocrx_word' id='word_1_192' title='bbox 3438 3995 3734 4069; x_wconf 90' lang='lat' dir='ltr'><strong>extrahe</strong></span> <span class='ocrx_word' id='word_1_193' title='bbox 3767 3995 4084 4068; x_wconf 88' lang='lat' dir='ltr'><strong>radicem</strong></span> 
     </span>
     <span class='ocr_line' id='line_1_25' title="bbox 1476 4125 4082 4227; baseline -0.002 -24"><span class='ocrx_word' id='word_1_194' title='bbox 1476 4129 2165 4227; x_wconf 90' lang='lat' dir='ltr'><strong>quintupartientem</strong></span> <span class='ocrx_word' id='word_1_195' title='bbox 2215 4136 2312 4201; x_wconf 93' lang='grc'><strong>32</strong></span> <span class='ocrx_word' id='word_1_196' title='bbox 2364 4139 2436 4201; x_wconf 89' lang='lat' dir='ltr'><strong>et</strong></span> <span class='ocrx_word' id='word_1_197' title='bbox 2484 4128 2758 4202; x_wconf 89' lang='lat' dir='ltr'><strong>incides</strong></span> <span class='ocrx_word' id='word_1_198' title='bbox 2802 4129 2882 4201; x_wconf 89' lang='lat' dir='ltr'><strong>in</strong></span> <span class='ocrx_word' id='word_1_199' title='bbox 2927 4137 2996 4215; x_wconf 87' lang='grc'><strong>2,</strong></span> <span class='ocrx_word' id='word_1_200' title='bbox 3041 4127 3420 4224; x_wconf 89' lang='lat' dir='ltr'><strong>pristinam</strong></span> <span class='ocrx_word' id='word_1_201' title='bbox 3463 4127 3783 4200; x_wconf 82' lang='lat' dir='ltr'><strong>radicem</strong></span> <span class='ocrx_word' id='word_1_202' title='bbox 3815 4157 3836 4216; x_wconf 90' lang='lat'>;</span> <span class='ocrx_word' id='word_1_203' title='bbox 3891 4125 4082 4198; x_wconf 92' lang='lat' dir='ltr'><strong>unde</strong></span> 
     </span>
     <span class='ocr_line' id='line_1_26' title="bbox 1480 4257 4082 4362; baseline -0.004 -24"><span class='ocrx_word' id='word_1_204' title='bbox 1480 4263 1808 4362; x_wconf 87' lang='lat' dir='ltr'><strong>arguitur</strong></span> <span class='ocrx_word' id='word_1_205' title='bbox 1856 4270 1955 4336; x_wconf 88' lang='grc'><strong>32</strong></span> <span class='ocrx_word' id='word_1_206' title='bbox 2006 4289 2157 4336; x_wconf 87' lang='lat' dir='ltr'><strong>esse</strong></span> <span class='ocrx_word' id='word_1_207' title='bbox 2207 4261 2611 4336; x_wconf 86' lang='lat' dir='ltr'><strong>radicatum</strong></span> <span class='ocrx_word' id='word_1_208' title='bbox 2661 4287 2958 4335; x_wconf 85' lang='lat' dir='ltr'><strong>verum:</strong></span> <span class='ocrx_word' id='word_1_209' title='bbox 3017 4261 3205 4334; x_wconf 92' lang='lat' dir='ltr'><strong>Item</strong></span> <span class='ocrx_word' id='word_1_210' title='bbox 3257 4260 3318 4333; x_wconf 89' lang='lat' dir='ltr'><strong>si</strong></span> <span class='ocrx_word' id='word_1_211' title='bbox 3369 4259 3654 4333; x_wconf 90' lang='lat' dir='ltr'><strong>dubites</strong></span> <span class='ocrx_word' id='word_1_212' title='bbox 3705 4283 3800 4330; x_wconf 89' lang='lat' dir='ltr'><strong>an</strong></span> <span class='ocrx_word' id='word_1_213' title='bbox 3845 4265 3894 4330; x_wconf 92' lang='grc'><strong>2</strong></span> <span class='ocrx_word' id='word_1_214' title='bbox 3939 4257 4082 4328; x_wconf 87' lang='lat' dir='ltr'><strong>sint</strong></span> 
     </span>
     <span class='ocr_line' id='line_1_27' title="bbox 1477 4389 4080 4494; baseline -0.004 -26"><span class='ocrx_word' id='word_1_215' title='bbox 1477 4395 1707 4482; x_wconf 87' lang='lat' dir='ltr'><strong>radix,</strong></span> <span class='ocrx_word' id='word_1_216' title='bbox 1745 4420 1876 4494; x_wconf 89' lang='lat' dir='ltr'><strong>per</strong></span> <span class='ocrx_word' id='word_1_217' title='bbox 1907 4420 2068 4468; x_wconf 90' lang='lat' dir='ltr'><strong>eam</strong></span> <span class='ocrx_word' id='word_1_218' title='bbox 2100 4393 2341 4468; x_wconf 85' lang='lat' dir='ltr'><strong>divide</strong></span> <span class='ocrx_word' id='word_1_219' title='bbox 2374 4392 2790 4467; x_wconf 85' lang='lat' dir='ltr'><strong>radicaliter</strong></span> <span class='ocrx_word' id='word_1_220' title='bbox 2821 4399 2940 4478; x_wconf 93' lang='grc'><strong>32,</strong></span> <span class='ocrx_word' id='word_1_221' title='bbox 2979 4403 3053 4464; x_wconf 87' lang='lat' dir='ltr'><strong>et</strong></span> <span class='ocrx_word' id='word_1_222' title='bbox 3085 4391 3358 4465; x_wconf 91' lang='lat' dir='ltr'><strong>incides</strong></span> <span class='ocrx_word' id='word_1_223' title='bbox 3390 4391 3470 4463; x_wconf 90' lang='lat' dir='ltr'><strong>in</strong></span> <span class='ocrx_word' id='word_1_224' title='bbox 3501 4389 3815 4462; x_wconf 87' lang='lat' dir='ltr'><strong>indicem</strong></span> <span class='ocrx_word' id='word_1_225' title='bbox 3847 4397 3918 4473; x_wconf 88' lang='lat'><strong>5,</strong></span> <span class='ocrx_word' id='word_1_226' title='bbox 3957 4396 4080 4458; x_wconf 88' lang='lat' dir='ltr'><strong>aut</strong></span> 
     </span>
     <span class='ocr_line' id='line_1_28' title="bbox 1476 4518 4079 4623; baseline -0.005 -22"><span class='ocrx_word' id='word_1_227' title='bbox 1476 4529 1786 4601; x_wconf 89' lang='lat' dir='ltr'><strong>eundem</strong></span> <span class='ocrx_word' id='word_1_228' title='bbox 1833 4526 2197 4600; x_wconf 88' lang='lat' dir='ltr'><strong>binarium</strong></span> <span class='ocrx_word' id='word_1_229' title='bbox 2246 4524 2792 4623; x_wconf 80' lang='lat' dir='ltr'><strong>quintuplicatO,</strong></span> <span class='ocrx_word' id='word_1_230' title='bbox 2848 4533 2920 4596; x_wconf 87' lang='lat' dir='ltr'><strong>et</strong></span> <span class='ocrx_word' id='word_1_231' title='bbox 2969 4522 3242 4596; x_wconf 92' lang='lat' dir='ltr'><strong>incides</strong></span> <span class='ocrx_word' id='word_1_232' title='bbox 3292 4522 3371 4594; x_wconf 91' lang='lat' dir='ltr'><strong>in</strong></span> <span class='ocrx_word' id='word_1_233' title='bbox 3421 4527 3568 4592; x_wconf 71' lang='grc' dir='ltr'><strong>32ι</strong></span> <span class='ocrx_word' id='word_1_234' title='bbox 3623 4518 3964 4614; x_wconf 90' lang='lat' dir='ltr'><strong>Denique</strong></span> <span class='ocrx_word' id='word_1_235' title='bbox 3997 4528 4079 4589; x_wconf 85' lang='lat' dir='ltr'><strong>ut</strong></span> 
     </span>
     <span class='ocr_line' id='line_1_29' title="bbox 1478 4649 4079 4764; baseline -0.004 -33"><span class='ocrx_word' id='word_1_236' title='bbox 1478 4661 1825 4764; x_wconf 82' lang='lat' dir='ltr'><strong>probetur</strong></span> <span class='ocrx_word' id='word_1_237' title='bbox 1856 4685 1951 4733; x_wconf 90' lang='lat' dir='ltr'><strong>an</strong></span> <span class='ocrx_word' id='word_1_238' title='bbox 1984 4668 2033 4732; x_wconf 87' lang='lat'><em>5</em></span> <span class='ocrx_word' id='word_1_239' title='bbox 2068 4658 2212 4732; x_wconf 88' lang='lat' dir='ltr'><strong>sint</strong></span> <span class='ocrx_word' id='word_1_240' title='bbox 2244 4682 2456 4732; x_wconf 85' lang='lat' dir='ltr'><strong>verus</strong></span> <span class='ocrx_word' id='word_1_241' title='bbox 2498 4656 2740 4744; x_wconf 88' lang='lat' dir='ltr'><strong>index,</strong></span> <span class='ocrx_word' id='word_1_242' title='bbox 2795 4653 3094 4728; x_wconf 87' lang='lat' dir='ltr'><strong>extrahe</strong></span> <span class='ocrx_word' id='word_1_243' title='bbox 3144 4653 3462 4727; x_wconf 85' lang='lat' dir='ltr'><strong>radicem</strong></span> <span class='ocrx_word' id='word_1_244' title='bbox 3511 4649 4079 4746; x_wconf 87' lang='lat' dir='ltr'><strong>quintupartien-</strong></span> 
     </span>
     <span class='ocr_line' id='line_1_30' title="bbox 1480 4783 4078 4885; baseline -0.003 -22"><span class='ocrx_word' id='word_1_245' title='bbox 1480 4802 1625 4863; x_wconf 91' lang='lat' dir='ltr'><strong>tem</strong></span> <span class='ocrx_word' id='word_1_246' title='bbox 1658 4792 1696 4864; x_wconf 80' lang='grc' dir='ltr'>ὲ</span> <span class='ocrx_word' id='word_1_247' title='bbox 1729 4799 1849 4878; x_wconf 89' lang='grc'><strong>32,</strong></span> <span class='ocrx_word' id='word_1_248' title='bbox 1905 4803 1978 4865; x_wconf 89' lang='lat' dir='ltr'><strong>et</strong></span> <span class='ocrx_word' id='word_1_249' title='bbox 2020 4790 2293 4864; x_wconf 89' lang='lat' dir='ltr'><strong>incides</strong></span> <span class='ocrx_word' id='word_1_250' title='bbox 2336 4789 2415 4862; x_wconf 94' lang='lat' dir='ltr'><strong>in</strong></span> <span class='ocrx_word' id='word_1_251' title='bbox 2461 4797 2532 4874; x_wconf 89' lang='grc'><strong>2,</strong></span> <span class='ocrx_word' id='word_1_252' title='bbox 2587 4802 2713 4863; x_wconf 87' lang='lat' dir='ltr'><strong>aut</strong></span> <span class='ocrx_word' id='word_1_253' title='bbox 2745 4788 3159 4863; x_wconf 82' lang='lat' dir='ltr'><strong>radicaliter</strong></span> <span class='ocrx_word' id='word_1_254' title='bbox 3190 4785 3713 4885; x_wconf 89' lang='lat' dir='ltr'><strong>quintuplicato</strong></span> <span class='ocrx_word' id='word_1_255' title='bbox 3747 4793 3816 4869; x_wconf 90' lang='grc'><strong>2,</strong></span> <span class='ocrx_word' id='word_1_256' title='bbox 3871 4794 3942 4855; x_wconf 90' lang='lat' dir='ltr'><strong>et</strong></span> <span class='ocrx_word' id='word_1_257' title='bbox 3973 4783 4078 4855; x_wconf 91' lang='lat' dir='ltr'><strong>in-</strong></span> 
     </span>
     <span class='ocr_line' id='line_1_31' title="bbox 1483 4921 1939 4996; baseline 0.004 -4"><span class='ocrx_word' id='word_1_258' title='bbox 1483 4921 1675 4994; x_wconf 87' lang='lat' dir='ltr'><strong>cides</strong></span> <span class='ocrx_word' id='word_1_259' title='bbox 1708 4922 1787 4994; x_wconf 94' lang='lat' dir='ltr'><strong>in</strong></span> <span class='ocrx_word' id='word_1_260' title='bbox 1818 4929 1939 4996; x_wconf 87' lang='grc'><strong>32.</strong></span> 
     </span>
    </p>
   </div>
  </div>
 </body>
</html>
