4842 6219
1199 806 1277 875 lo
2119 808 2252 875 DE
2301 807 2567 875 ARTE
2613 808 3179 877 LOGISTICA.

1301 1030 1730 1105 RAnchms
1788 1028 2161 1103 PAn‘rrrm
2207 1036 2316 1101 est
2357 1026 2671 1103 radicati
2710 1050 2841 1125 per
2891 1027 3211 1103 radicem
3264 1027 3559 1125 partitio
3612 1029 3690 1103 in
3746 1032 4099 1109 unitatem

1198 1186 1424 1256 usque
1457 1162 1896 1247 continuata,
1933 1171 2006 1235 et
2036 1184 2380 1233 numerus
2411 1158 2881 1257 partitionum
2912 1169 3022 1235 est
3052 1160 3275 1235 index
3305 1160 3670 1256 quaesitus.

1593 1294 1700 1367 Ut
1743 1292 2147 1365 radicatum
2195 1298 2240 1365 8
2283 1290 2633 1389 partitum
2652 1316 2803 1389 per
2846 1291 3163 1366 radicem
3208 1301 3278 1379 2,
3329 1318 3555 1389 usque
3594 1292 3673 1367 in
3718 1295 4089 1385 unitatem,

1491 1424 1664 1498 facit
1693 1424 1928 1521 prima
1957 1422 2346 1523 partitione
2377 1430 2451 1509 4,
2496 1423 2809 1499 secunda
2836 1422 3226 1520 partitione
3260 1430 3331 1511 2,
3368 1434 3442 1497 et
3474 1424 3687 1499 tertis
3724 1433 3787 1499 1.
3876 1426 4095 1503 Unde

1490 1556 1868 1643 ternarius,
1905 1578 2246 1629 numerus
2279 1552 2554 1629 scilicet
2584 1553 3078 1653 partitionum,
3117 1566 3225 1630 est
3256 1554 3477 1633 index
3509 1557 3873 1653 quaesitus.

1293 1818 1447 1891 Hic
1501 1818 1826 1892 indicum
1884 1828 1957 1891 et
2013 1815 2340 1891 radicum
2393 1816 2664 1914 species
2718 1827 2905 1903 sunt,
2966 1828 3048 1891 ut
3099 1842 3318 1915 supra
3368 1819 3447 1892 in
3497 1819 4090 1917 multiplicatione

1190 1949 1509 2024 radicali.

2317 2262 2732 2347 CAPUT
2810 2262 2969 2347 IV.

2008 2516 2125 2575 DE
2169 2517 2595 2579 RADICALI
2635 2515 3285 2596 EXTRACTIONE.

1291 2740 1620 2813 Rimas
1667 2763 2124 2825 Ex‘rnAcno,
2178 2741 2348 2813 dato
2395 2740 2659 2827 indice,
2696 2752 2805 2815 est
2836 2741 3154 2815 inventio
3188 2740 3610 2838 quantitatis
3646 2765 3806 2838 quae
3839 2744 4091 2817 datum

1187 2874 1590 2948 radicatum
1623 2872 1924 2947 radicali
1954 2872 2550 2971 multiplicatione
2580 2874 2899 2949 restituit
2927 2904 2949 2964 ;
3004 2873 3339 2969 idemque
3370 2874 3673 2949 radicali
3702 2876 4087 2972 partitione

1189 3006 1470 3080 dividit.
3530 3068 3541 3075 .

1586 3139 1692 3212 Ut
1725 3138 2032 3214 radicati
2067 3145 2112 3212 8
2147 3137 2212 3213 si
2243 3149 2611 3234 quaeratur
2642 3138 2854 3212 radix
2879 3137 3315 3236 tripartiens,
3344 3163 3451 3226 ea,
3477 3163 3611 3237 per
3638 3140 3925 3236 regulas
3958 3167 4089 3214 suo

1485 3271 1640 3344 loco
1691 3272 2100 3356 tradendas,
2153 3269 2561 3345 invenietur
2602 3296 2755 3346 esse
2790 3279 2838 3344 2
2867 3301 2891 3363 ;
2944 3269 3269 3346 binarius
3301 3271 3493 3346 enim
3525 3271 3829 3346 radicali
3862 3273 4085 3370 tripli-

1485 3401 1764 3474 catione
1809 3402 2126 3475 restituit
2167 3401 2403 3500 primo
2437 3410 2508 3487 2,
2552 3403 2866 3476 secundo
2900 3411 2969 3488 4,
3014 3401 3229 3478 tertio
3263 3408 3310 3475 8
3342 3401 3790 3481 radicatum:
3850 3403 4085 3478 Idem·

1485 3557 1624 3626 que
1657 3532 2061 3606 radicatum
2094 3543 2346 3605 contra
2374 3532 2677 3606 radicali
2709 3533 3095 3631 partitione
3128 3533 3364 3631 primo
3395 3533 3474 3607 in
3508 3543 3577 3620 4,
3607 3533 3869 3610 deinde
3901 3535 3979 3608 in
4013 3543 4081 3621 2,

1489 3662 1702 3736 tertio
1735 3663 1814 3736 in
1848 3689 2073 3738 unum
2107 3661 2393 3760 redigit.

1291 3925 1590 4000 Radicis
1625 3928 1970 4001 extractio
2004 3939 2132 4002 aut
2163 3940 2270 4001 est
2299 3927 2619 4025 perfecta
2650 3939 2776 4001 aut
2807 3928 3243 4026 imperfecta.

1289 4059 1636 4144 Perfecta,
1676 4059 1803 4134 ubi
1833 4059 2052 4133 nullae
2085 4070 2468 4157 supersunt
2500 4057 2845 4155 reliquiae.

1587 4193 1693 4267 Ut
1725 4193 1804 4266 in
1837 4192 2204 4290 superiore
2237 4193 2583 4291 exemplo.

1288 4458 1720 4556 Imperfecta
1749 4459 1941 4543 vero,
1977 4455 2106 4531 ubi
2139 4453 2399 4553 aliquas
2432 4466 2816 4553 supersunt
2848 4455 3170 4552 reliquiae
3202 4455 3705 4531 irresolubileS.

1580 4589 1689 4663 Ut
1715 4589 1777 4662 si
1801 4588 2014 4664 radix
2039 4588 2455 4686 tripartiens
2480 4588 2699 4662 fuerit
2725 4587 3169 4662 extrahenda
3190 4612 3281 4661 ex
3302 4586 3628 4662 radicato
3654 4595 3723 4671 9,
3762 4611 3849 4660 ea
3874 4587 4087 4682 quam

1479 4721 1804 4817 proxime
1835 4722 1976 4794 erit
2005 4720 2352 4806 binarius,
2382 4719 2512 4816 qui
2535 4720 2952 4794 radicaliter
2976 4718 3378 4817 triplicatus
3403 4718 3719 4794 restituit
3748 4725 3815 4804 8,
3847 4729 3918 4791 et
3941 4741 4085 4789 non

1483 4859 1530 4931 9
1562 4882 1584 4942 ;
1639 4852 1888 4924 relicta
1920 4877 2089 4948 ergo
2123 4849 2400 4926 unitate
2433 4877 2581 4926 non
2615 4856 2952 4936 extracta,
2981 4849 3399 4947 imperfecta
3422 4849 3691 4924 dicitur
3715 4847 4083 4922 extractio,
