4842 6219
1163 873 1244 938 76
2093 869 2228 936 DE
2277 869 2547 936 ARTE
2596 866 3173 936 LOGISTICA.

1463 1093 1694 1189 major
1736 1102 1810 1164 et
1851 1090 2111 1177 minor,
2161 1090 2819 1166 denominationem
2852 1113 3073 1188 quam
3107 1089 3440 1177 volueris,
3488 1090 3803 1191 exempli
3834 1093 4095 1190 gratia,

1461 1223 1660 1298 mille
1734 1223 2056 1323 partium
2131 1223 2541 1316 habentes3
2642 1223 2835 1298 inter
2910 1247 3093 1320 quos
3158 1248 3333 1297 vera
3396 1223 3817 1322 tripartiens
3884 1226 4101 1300 radix

1460 1359 1768 1432 duarum
1839 1357 2254 1446 tertiarum,¹
2313 1384 2441 1432 seu
2512 1367 2597 1450 ¹..
2615 1362 2687 1459 ζ»,
2758 1355 3236 1431 contineatur.
3366 1356 3859 1458 Triplicatum
3916 1385 4097 1457 ergo

1457 1491 1656 1566 mille
1712 1493 2054 1590 partium,
2119 1493 2317 1590 quod
2375 1504 2486 1567 est
2550 1497 3063 1574 1000000000,
3128 1490 3535 1590 multiplica
3588 1517 3723 1590 per
3780 1501 3851 1578 2,
3915 1494 4095 1588 fient

1459 1635 2009 1718 20000000003
2066 1652 2228 1723 quae
2269 1626 2547 1725 partire
2588 1649 2721 1724 per
2764 1631 2837 1712 3,
2886 1634 2960 1698 et
3003 1624 3181 1698 fient
3222 1623 3771 1727 666666666};
3825 1625 4106 1718 horum,

1458 1761 1672 1834 radix
1715 1761 2134 1859 tripartiens
2175 1759 2416 1835 minor
2458 1770 2567 1834 est
2610 1765 2780 1846 873,
2828 1769 2903 1832 et
2944 1759 3177 1856 major
3220 1769 3330 1832 est
3380 1765 3551 1846 874«,
3608 1759 3873 1856 quibus
3924 1763 4089 1836 sub·

1459 1895 1826 1969 scribatur
1881 1895 2150 1968 electus
2209 1893 2717 1969 denominatur
2774 1899 2987 1976 1000,
3052 1891 3371 1988 fientque
3427 1893 3633 1994 1362036
3688 1893 3949 1981 minor,
4011 1907 4089 1968 et

1455 2027 1660 2130 ‘1⁸0⁷o46
1717 2031 1948 2125 major
2006 2027 2360 2102 terminus
2421 2025 2689 2101 radicis
2753 2024 3231 2123 tripertientis
3298 2027 3609 2102 duarum
3677 2028 4081 2116 tertiarum,

1459 2188 1586 2235 seu
1637 2167 1782 2261 ι-ξ»
1831 2160 2176 2258 quaesitae.

1257 2426 1538 2500 Ultimo
1597 2425 1940 2512 omnium,
2005 2426 2412 2513 fractiones,
2480 2449 2793 2523 quarum
2846 2437 3268 2500 numerator
3325 2426 3609 2502 excedit
3666 2429 4084 2503 denomina-

1153 2571 1404 2646 torem,
1461 2561 1558 2634 ad
1611 2559 1930 2656 integros
1983 2585 2324 2634 numeros
2379 2559 2843 2634 restituendae
2894 2569 3063 2634 sunt
3112 2561 3495 2657 partiendo
3544 2574 4083 2638 numeratorem

1151 2717 1282 2790 per
1339 2692 1976 2780 denominatorem‚
2051 2705 2132 2767 ut
2198 2693 2354 2766 fuse
2421 2692 2618 2779 satie,
2690 2692 2769 2766 in
2834 2693 2979 2766 fine
3042 2693 3255 2768 Libri
3314 2693 3567 2780 Primi,
3638 2695 4081 2794 explicatum

1151 2837 1280 2900 est.

1551 2963 1658 3038 Ut
1703 2961 1764 3034 si
1809 2987 1898 3035 ex
1943 2961 2518 3059 praecedentibus
2564 2958 2903 3058 operibus
2946 2959 3359 3057 provenerit
3400 2960 3661 3036 fractio
3709 2965 3874 3078 ἕλιξ,
3914 2989 4081 3038 con-

1451 3096 1634 3171 tinet
1674 3093 1833 3170 haec
1876 3094 2134 3171 fractio
2177 3094 2499 3195 integros
2542 3119 2677 3193 per
2717 3118 2899 3191 quos
2948 3092 3194 3169 danda
3240 3091 3349 3168 est
3401 3093 3659 3171 ultima
3707 3098 4080 3195 responsio

1444 3229 1687 3328 potius
1721 3232 1936 3326 quam
1979 3254 2108 3327 per
2151 3229 2439 3303 fractos.
2542 3226 2992 3301 Dividantur
3035 3252 3209 3325 ergo
3252 3226 3402 3302 562
3446 3253 3578 3328 per
3618 3237 3733 3316 18,
3782 3240 3855 3303 et
3898 3232 4079 3306 fient

1443 3370 1534 3435 31
1587 3363 1665 3435 in
1711 3374 1952 3459 quoto,
2009 3373 2082 3437 et
2125 3362 2639 3459 relinquuntur
2680 3368 2750 3447 4«,
2808 3386 2971 3459 quae
3015 3371 3185 3435 sunt
3226 3365 3351 3462 ᾗ,
3400 3386 3531 3436 seu
3568 3366 3668 3462 ξ,
3726 3364 3943 3451 unde,
3982 3392 4077 3439 ex

1446 3496 1596 3567 tota
1647 3494 2066 3568 reductione
2127 3494 2557 3593 proveniunt
2604 3498 2775 3594 31⁴3,
2842 3519 3003 3590 quae
3056 3505 3226 3569 sunt
3274 3500 3367 3568 31
3424 3494 3713 3594 integri,
3776 3508 3851 3571 et
3902 3498 4073 3573 duae

1447 3653 1742 3701 novenae
1794 3626 2114 3701 unitatis,

2213 4052 2630 4137 CAPUT
2730 4052 2989 4137 XIV.

1651 4326 1768 4387 DE
1813 4326 2194 4388 REGULIS
2238 4325 2903 4387 PROPORTIONIS
2948 4325 3563 4387 FRACTIONUM.

1243 4570 1336 4642 IN
1371 4569 1641 4667 regulis
1675 4568 2158 4668 proportionis
2191 4568 2648 4655 fractionum,
2685 4568 3151 4643 observandae
3186 4579 3355 4641 sunt
3388 4567 3569 4642 situs
3602 4580 3687 4659 et‘
3708 4570 4055 4668 operatio.

1243 4702 1333 4775 In
1377 4701 1512 4789 his,
1561 4702 1742 4777 situs
1783 4713 2327 4777 numeratorum
2371 4700 2566 4775 idem
2608 4712 2739 4787 est,
2797 4699 2924 4798 qui
2966 4710 3039 4775 et
3082 4699 3517 4799 generaliter
3567 4702 4057 4798 quantitatum

1137 4836 1395 4935 capitis
1439 4836 1678 4933 quinti
1725 4834 1938 4911 Libri
1979 4834 2260 4927 Primi3
2315 4833 2941 4909 denominatorum
2983 4835 3155 4909 vero
3195 4834 3597 4911 contrarius
3628 4866 3649 4927 ;
3704 4836 3813 4911 ita
3860 4848 3942 4911 ut
3992 4838 4059 4911 si

1135 4980 1552 5043 numerator
1616 4967 1751 5043 hac
1815 4968 1976 5066 lege
2041 4966 2234 5041 infra
2297 4966 2565 5041 lineam
2632 4966 2994 5053 ceciderit,
3066 4967 3568 5043 denominator
3630 4968 4053 5057 invertetur,
