4842 6219
1210 891 1289 950 24
2137 882 2271 949 DE
2320 882 2586 950 ARTE
2636 882 3210 951 LOGISTICA.

1314 1102 1906 1200 Multiplicantur
1938 1103 2157 1175 etiam
2189 1102 2460 1190 fractae,
2505 1104 2890 1201 partiendo
2925 1103 3246 1201 singulas
3278 1100 3512 1189 binas,
3567 1126 3877 1199 quarum
3911 1103 4143 1178 altera

1218 1251 1326 1313 est
1358 1247 1795 1321 numerator,
1828 1236 2057 1309 altera
2089 1235 2614 1324 denominator,
2649 1237 2730 1311 in
2765 1263 2977 1311 suum
3010 1260 3465 1325 communem
3497 1233 3885 1309 divisorem
3915 1238 4144 1311 maxi-

1212 1396 1435 1455 mum,
1463 1368 1731 1442 notatis
1764 1368 2087 1440 omnium
2123 1367 2395 1441 ultimis
2431 1368 2693 1465 quotiS,
2723 1368 2990 1443 deinde
3021 1366 3574 1466 multiplicando
3607 1378 3862 1464 quotos
3893 1393 4144 1443 nume-

1218 1515 1541 1577 ratorum
1586 1501 1915 1587 invicem,
1966 1513 2039 1575 et
2081 1502 2269 1575 fiunt
2310 1528 2540 1576 novus
2583 1512 3003 1577 numerator
3033 1532 3054 1593 3
3111 1512 3185 1575 et
3218 1512 3473 1599 quotos
3512 1500 4142 1576 denominatorum

1216 1636 1545 1720 invicem,
1584 1646 1657 1707 et
1688 1632 1875 1706 fiunt
1907 1658 2135 1707 novus
2169 1633 2674 1709 denominator
2707 1632 3028 1731 multipli
3061 1632 3372 1730 quaesiti.

1620 1768 1725 1842 Ut
1776 1767 1922 1841 sint
1972 1767 2280 1841 invicem
2328 1767 2900 1865 multiplicandae
2941 1766 3044 1867 {8
3082 1778 3156 1841 et
3195 1768 3346 1867 θῄ-
3376 1797 3398 1857 3
3457 1766 3695 1863 primo
3727 1766 4141 1863 partiantur

1518 1908 1609 1973 18
1662 1911 1736 1975 et
1790 1908 1889 1973 20
1946 1926 2078 1998 per
2139 1927 2353 1975 suum
2409 1926 2864 1976 communem
2922 1900 3313 1975 divisorem
3367 1898 3766 1973 maximum
3825 1909 3895 1987 2,
3965 1901 4142 1975 fient

1512 2037 1617 2135 ‘196
1648 2044 1721 2105 et
1756 2035 1954 2133 2⁵31?
2004 2033 2175 2106 inde
2208 2033 2623 2129 partiantur
2655 2041 2750 2108 10
2781 2045 2856 2108 et
2889 2040 2988 2107 85
3022 2059 3156 2131 per
3187 2042 3258 2119 5,
3297 2033 3474 2105 fient
3507 2040 3556 2105 2
3589 2042 3665 2106 et
3685 2041 3759 2119 7,
3795 2031 3937 2105 hoc
3969 2032 4138 2117 situ,

1512 2170 1565 2266 3-
1594 2178 1669 2241 et
1703 2168 1899 2267 ἠγ,
1955 2166 2127 2239 inde
2158 2166 2572 2263 partiantur
2605 2174 2653 2249 9
2687 2178 2760 2241 et
2795 2174 2936 2242 231
2969 2192 3100 2265 per
3132 2174 3204 2252 3,
3243 2166 3420 2240 fient
3453 2172 3502 2239 3
3537 2176 3611 2239 et
3635 2174 3758 2254 77,
3797 2164 3938 2240 hoc
3969 2166 4136 2253 situ,

1510 2302 1561 2400 ἦ
1592 2301 1693 2399 7²7
1728 2331 1749 2391 3
1806 2298 2121 2396 denique
2164 2298 2579 2396 partiantur
2613 2310 2662 2387 7
2697 2309 2770 2374 et
2801 2310 2902 2388 77
2948 2325 3078 2398 per
3125 2324 3337 2374 suum
3381 2322 3835 2373 communem
3881 2298 4142 2373 diviso-

1514 2459 1667 2507 rem
1700 2432 2096 2506 maximum
2130 2442 2201 2519 7,
2250 2443 2325 2506 et
2354 2433 2534 2506 fient
2573 2441 2608 2506 1
2651 2444 2724 2507 et
2763 2441 2878 2520 11,
2927 2433 3066 2507 hoc
3097 2432 3264 2520 situ,
3301 2435 3356 2532 ᾗ·
3383 2434 3538 2533 '1²1²
3617 2431 3764 2506 His
3804 2433 4137 2530 peractis,

1517 2568 1659 2639 duc
1693 2566 1825 2638 hos
1858 2575 2403 2639 numeratorum
2437 2565 2729 2640 ultimos
2763 2576 3020 2662 quotes
3053 2572 3102 2639 3
3135 2576 3211 2639 et
3249 2573 3284 2638 1
3323 2564 3655 2651 invicem,
3707 2564 3812 2638 sic
3851 2562 4142 2639 ultimos

1516 2696 2144 2771 denominatorum
2170 2705 2219 2771 2
2244 2708 2316 2771 et
2348 2705 2383 2770 1
2399 2704 2462 2783 1,
2499 2698 2820 2795 fientque
2851 2698 2964 2771 illi
2995 2706 3066 2785 3,
3103 2695 3186 2771 hi
3219 2705 3339 2785 22,
3378 2698 3519 2771 hoc
3551 2697 3718 2783 situ,
3747 2700 3870 2797 ᾗ,
3900 2698 4144 2773 multi-

1516 2831 1718 2930 plum
1752 2830 2161 2928 quaesitum.
2268 2832 2460 2905 Item
2493 2830 2641 2907 sint
2672 2830 3244 2930 multiplicandae
3277 2830 3662 2906 fractiones
3695 2830 4146 2907 inabbrevia-

1514 2966 1695 3042 biles
1730 2967 1846 3040 hae
1878 2972 1983 3083 25-ss
2016 2977 2089 3041 et
2120 2971 2173 3066 ᾗ
2206 2966 2519 3041 invicem
2545 2998 2566 3058 3
2624 2964 3200 3063 multiplicentur
3234 2966 3472 3063 primo
3505 2976 4000 3040 numeratores
4035 2973 4084 3039 2
4097 2992 4146 3040 a

1516 3112 1591 3175 et
1634 3108 1683 3174 4·
1727 3098 2061 3187 invicem,
2110 3111 2183 3176 et
2226 3100 2405 3176 fient
2451 3108 2496 3175 8
2511 3127 2580 3187 a,
2625 3125 2856 3176 novus
2899 3109 3366 3191 numerator3
3421 3096 3686 3173 deinde
3731 3098 4143 3175 denomina-

1516 3249 1705 3309 tores
1740 3243 1789 3310 3
1825 3247 1898 3309 et
1930 3245 1979 3310 5
2014 3235 2345 3322 invicem,
2397 3247 2470 3309 et
2513 3237 2692 3311 fient
2729 3243 2844 3322 15,
2891 3260 3121 3309 novus
3153 3233 3660 3308 denominator
3687 3265 3710 3325 3
3769 3245 3938 3308 sunt
3969 3259 4144 3332 ergo

1516 3370 1639 3482 ἧς,
1678 3367 2096 3466 multiplum
2130 3368 2540 3464 quaesitum.

1326 3637 1489 3710 Hac
1546 3635 2149 3734 multiplicatione
2207 3635 2590 3709 fractiones
2648 3636 3104 3724 fractionum,
3169 3636 3338 3723 imo,
3397 3646 3472 3709 et
3523 3634 3908 3710 fractiones
3960 3635 4140 3708 frac-

1110 3820 1117 3828 -
1224 3771 1501 3842 tionum
1554 3769 1821 3842 iterum
1877 3779 2095 3864 atque
2148 3767 2415 3841 iterum
2465 3767 2879 3854 fractarum,
2941 3769 3036 3842 ad
3087 3767 3447 3866 simplices
3498 3765 3882 3842 fractiones
3931 3767 4142 3840 redu-

1220 3914 1507 3976 cuntur.

1623 4033 1731 4108 Ut
1763 4033 1927 4107 duae
1962 4033 2236 4129 quintae
2274 4033 2496 4106 trium
2530 4042 2980 4130 quartarum,
3019 4034 3125 4107 sic
3155 4044 3446 4120 notatae,
3483 4037 3536 4132 ξ
3567 4059 3658 4108 ex
3689 4035 3762 4134 Ξ,
3799 4059 3932 4132 per
3963 4057 4142 4132 prae-

1518 4168 1813 4242 missam
1856 4167 2042 4241 fiunt
2082 4168 2319 4266 primo
2353 4170 2405 4268 ᾖ
2438 4170 2490 4267 ἦ
2519 4193 2650 4266 per
2684 4167 3296 4243 abbreviationem
3325 4197 3347 4258 3
3410 4167 3604 4255 inde,
3647 4191 3782 4265 per
3810 4192 4142 4242 numera-

1522 4316 1765 4377 torum
1798 4300 2112 4375 invicem
2136 4327 2222 4376 ac
2247 4301 2876 4378 denominatorum
2899 4299 3210 4376 invicem
3234 4299 3929 4399 multiplicationem,
3957 4301 4146 4374 fiunt

1518 4439 1640 4538 ‘1³62
1672 4435 1891 4510 unica
1922 4435 2180 4510 fractio
2214 4436 2540 4534 simplex,
2577 4435 2774 4510 idem
2805 4435 3050 4510 valens
3084 4436 3280 4531 quod
3313 4435 3640 4532 superior
3671 4435 3929 4510 fractio
3961 4435 4142 4508 frac-

1516 4573 1819 4647 tionum.
1899 4571 2021 4644 Sic
2054 4582 2201 4644 tres
2235 4581 2514 4668 quartae
2548 4571 2860 4643 duarum
2893 4567 3274 4643 tertiarum
3298 4569 3512 4644 unius
3539 4567 3849 4655 dimidii,
3879 4569 3986 4642 sic
4015 4593 4142 4642 no-

1519 4717 1707 4791 tatae,
1746 4707 1795 4804 ᾗ
1832 4730 1921 4777 ex
1952 4707 2005 4804 ξ
2038 4729 2127 4778 ex
2160 4705 2231 4803 ᾖ,
2281 4703 2459 4777 fient
2492 4727 2624 4800 per
2657 4701 3292 4789 abbreviationem,
3339 4700 3578 4799 primo
3617 4703 3666 4802 ὲ
3693 4727 3798 4776 ex
3837 4705 3892 4802 -Ϊι
3931 4726 4023 4775 ex
4067 4703 4140 4800 ᾖ,

1514 4838 1685 4910 inde
1716 4839 1765 4936 ᾗ
1799 4838 1852 4937 ᾖ
1883 4838 1936 4937 ᾖ
1968 4862 2097 4910 seu
2130 4837 2183 4935 ᾖ
2210 4837 2265 4936 †
2298 4837 2393 4934 ᾖ,
2443 4835 2736 4910 tandem
2761 4833 2998 4908 ductis
3025 4833 3516 4932 superioribus
3541 4833 3782 4931 quotis
3806 4833 4140 4919 invicem,

1518 4981 1590 5042 et
1622 4969 2084 5044 inferioribus
2118 4966 2450 5055 invicem,
2488 4968 2675 5042 fiunt
2705 4969 2778 5068 ᾖ,
2817 4967 3011 5042 idem
3044 4969 3291 5045 valens
3323 4969 3522 5067 quod
3551 4971 3601 5068 Ξ
3636 4993 3727 5043 ex
3759 4972 3812 5069 g»
3843 4992 3932 5042 ex
3967 4969 4038 5066 ᾖ.
