4842 6219
1154 924 1199 979 4
2088 918 2223 984 DE
2274 918 2544 986 ARTE
2593 920 3166 988 LOGISTICA.

1266 1136 1452 1211 Haec
1496 1150 1739 1212 autem
1780 1139 1899 1212 vel
1938 1150 2049 1213 cst
2093 1139 2372 1214 additio
2411 1142 2528 1214 vel
2570 1140 3024 1217 substractio.

1270 1270 1613 1345 Anm'no
1666 1280 1777 1346 est
1829 1272 2271 1370 computatio
2318 1271 2562 1371 prima
2608 1278 2752 1371 qua
2790 1274 3034 1372 plures
3081 1270 3524 1371 quantitates
3568 1270 3963 1356 adduntur,
4011 1284 4085 1344 et

1160 1402 1593 1501 producitur
1636 1414 1809 1478 tota.

1558 1536 1897 1635 Exempli
1945 1538 2201 1637 gratia,
2251 1538 2620 1613 addantur
2651 1546 2700 1613 3
2736 1550 2810 1613 et
2843 1550 2914 1625 4,
2964 1550 3038 1612 et
3079 1537 3577 1636 producentur
3613 1546 3666 1624 7
3697 1560 3834 1633 pro
3877 1540 4076 1626 tota;

1454 1672 1630 1746 item
1664 1672 2031 1746 addantur
2063 1680 2135 1759 Q,
2174 1678 2245 1759 3,
2284 1682 2358 1747 et
2390 1680 2462 1758 4,
2501 1685 2577 1747 et
2605 1674 3104 1771 producentur
3135 1678 3184 1755 9
3217 1695 3351 1769 pro
3384 1673 3555 1743 tota.

1257 1940 1788 2015 Suns‘raac'rlo
1830 1952 1941 2015 est
1984 1939 2429 2040 computatio
2473 1942 2716 2039 prima
2756 1945 2901 2037 qua
2945 1938 3556 2014 substrahendum
3601 1940 3646 2009 a
3681 1937 4078 2012 minuendo

1155 2072 1499 2159 aufertur,
1538 2085 1612 2147 et
1643 2073 2072 2172 producitur
2103 2074 2500 2149 residuum.

1438 2194 1449 2207 ’
1552 2206 1663 2281 Ut
1697 2206 2089 2281 auferendo
2123 2215 2173 2281 4
2206 2210 2249 2280 a
2286 2216 2333 2291 9
2366 2218 2744 2283 remanent
2775 2216 2846 2281 5.
2950 2206 3330 2281 Dicuntur
3369 2216 3615 2283 autem
3657 2213 3708 2279 4
3751 2204 4075 2279 auferen-

1452 2341 1653 2427 dum,
1701 2348 1747 2423 9
1780 2339 2277 2429 minuendum,
2324 2352 2397 2415 et
2430 2350 2478 2415 5
2513 2338 2905 2415 residuum.
3011 2340 3134 2415 Sic
3165 2339 3428 2416 ablatis
3459 2346 3510 2413 3
3543 2341 3586 2412 a
3617 2349 3666 2413 5
3699 2350 4075 2413 remanent

1450 2499 1583 2571 per
1615 2473 2215 2549 substractionem
2248 2482 2317 2549 2.

1252 2739 1701 2816 Substractio
1735 2754 1863 2817 aut
1894 2754 2006 2817 cst
2038 2742 2449 2841 aequalium,
2486 2754 2560 2817 et
2589 2742 2778 2817 nihil
2809 2754 3157 2831 remanet,
3195 2755 3322 2819 aut
3353 2742 3844 2839 inaequalium.

1251 2874 1736 2973 Inaequalium
1790 2878 1961 2951 vero
2014 2888 2124 2951 est
2179 2888 2306 2951 aut
2359 2877 2788 2975 quantitatis
2839 2876 3142 2952 minoris
3197 2878 3240 2949 a
3279 2878 3576 2975 majore,
3627 2886 3704 2949 et
3747 2886 4072 2949 remanet

1148 3009 1519 3106 quantitas
1551 3012 1785 3109 major
1814 3009 2068 3099 nihilo,
2100 3020 2230 3085 aut
2254 3012 2684 3109 quantitatis
2709 3010 3004 3111 majoris
3031 3012 3072 3083 ῖι
3103 3010 3405 3098 minore,
3435 3021 3510 3084 et
3533 3008 3906 3083 residuum
3929 3008 4070 3083 erit

1142 3143 1386 3218 minus
1420 3143 1674 3219 nihilo.

1545 3278 1657 3353 Ut
1700 3279 2126 3356 substractis
2166 3291 2215 3354 5
2256 3307 2348 3356 ex
2392 3291 2440 3355 5
2482 3291 2808 3356 remanet
2845 3278 3087 3370 nihil;
3145 3275 3567 3354 substractis
3599 3284 3650 3351 3
3683 3278 3725 3349 a
3757 3287 3806 3350 5
3839 3301 4066 3352 rem

1444 3423 1621 3485 nent
1669 3419 1739 3498 2,
1788 3414 2099 3511 majores
2146 3413 2442 3512 quidem
2481 3413 2764 3505 nihilo;
2829 3412 3252 3486 substractis
3295 3423 3542 3485 autem
3579 3421 3628 3500 7
3675 3413 3720 3482 a
3759 3419 3810 3484 5
3851 3410 4065 3484 relin-

1440 3553 1760 3641 quentur
1792 3553 1841 3619 Q
1872 3545 2190 3622 minores
2220 3547 2476 3635 nihilo,
2513 3573 2644 3622 seu
2671 3547 2862 3621 nihil
2891 3547 3256 3622 minutum
3287 3546 3593 3621 duobus·

1244 3809 1362 3883 Ex
1406 3809 1523 3883 his
1565 3835 1739 3909 ergo
1780 3823 2065 3886 constat
2110 3813 2498 3887 defectivas
2538 3813 2979 3910 quantitates
3011 3813 3186 3887 hinc
3218 3812 3572 3912 originem
3615 3811 3925 3897 trahere,
3973 3837 4063 3886 ex

1142 3941 1669 4018 substractione
1700 3941 2048 4018 nimirum
2079 3945 2375 4044 majoris
2408 3949 2452 4019 a
2482 3945 2810 4021 minore:
2868 3946 2991 4021 De
3025 3945 3290 4044 quibus
3323 3969 3454 4020 suo
3485 3945 3646 4020 loco
3675 3957 3954 4045 agetur.

1239 4076 1355 4150 Ex
1405 4076 1795 4175 praemissis
1842 4077 2121 4152 clarum
2167 4091 2277 4154 est
2322 4078 2772 4155 additionem
2814 4093 2890 4155 et
2935 4078 3536 4154 substractionem
3574 4077 3808 4152 relata
3849 4102 4003 4151 esse
4033 4108 4056 4169 ς

1140 4222 1359 4309 atque
1392 4209 1560 4285 ideo
1597 4210 1903 4286 alteram
1936 4212 2235 4287 alterius
2268 4238 2593 4288 examen.

1241 4343 1605 4418 Examina
1635 4343 1830 4418 enim
1864 4344 2249 4421 definimus
2290 4373 2379 4422 ea
2418 4348 2919 4422 tantummodo
2950 4371 3114 4444 quae
3147 4356 3304 4420 tum
3335 4343 3670 4420 omnibus
3703 4355 3860 4418 tum
3893 4342 4060 4416 solis

1138 4487 1331 4551 recte
1367 4477 1801 4576 computatis
1834 4479 2293 4555 conveniunt.

1535 4612 1646 4687 Ut
1677 4639 1919 4713 supra,
1956 4639 2093 4713 pro
2125 4615 2456 4689 examine
2491 4613 3059 4702 substractionis,
3097 4637 3194 4687 an
3227 4619 3275 4686 3
3309 4613 3718 4686 substracta
3747 4635 3840 4684 ex
3869 4621 3918 4684 5
3953 4635 4060 4684 re-

1436 4744 1775 4842 linquant
1810 4755 1879 4834 2,
1927 4747 2115 4822 adde
2150 4755 2199 4820 ⁶2
2232 4757 2306 4822 et
2337 4754 2388 4822 3
2421 4759 2497 4822 et
2527 4747 2912 4822 restituent
2942 4756 3014 4821 5.
3119 4746 3220 4820 Et
3253 4756 3526 4833 contra,
3563 4769 3698 4844 pro
3729 4743 4060 4818 examine

1438 4877 1853 4968 additionis,
1902 4906 1997 4955 an
2030 4887 2081 4955 2
2114 4892 2189 4955 et
2220 4888 2271 4955 3
2304 4878 2578 4956 faciant
2609 4889 2682 4968 5,
2727 4879 3107 4956 substrahe
3140 4886 3188 4953 3
3223 4905 3315 4954 ex
3351 4889 3424 4967 5,
3469 4891 3543 4954 et
3581 4877 3979 4978 prodibunt
4011 4884 4058 4949 2

1433 5008 1821 5104 restituta3
1878 5012 1994 5086 vel
2028 5011 2261 5100 aliter,
2290 5012 2672 5089 substrahe
2707 5019 2756 5086 2
2790 5037 2882 5087 ex
2913 5023 2984 5100 5,
3023 5024 3098 5087 et
3127 5010 3526 5110 prodibunt
3559 5017 3608 5085 3
3641 5023 3726 5085 ut
3753 5009 3979 5108 prius.
