4842 6219
1715 876 1852 945 DE
1901 872 2170 943 ARTE
2220 875 2800 945 LOGISTICA.
3648 878 3736 941 65

1198 1096 1378 1171 Esto
1411 1096 1610 1173 enim
1642 1100 1842 1196 quod
1865 1123 2096 1173 vacua
2116 1096 2250 1173 illa
2270 1108 2565 1197 puncta,
2602 1098 2647 1171 ἃ
2668 1096 2999 1195 margine
3022 1095 3283 1195 posita,
3318 1096 3729 1171 novenaria

1091 1242 1332 1305 essent
1381 1232 1620 1329 (quod
1657 1257 1881 1332 supra
1913 1231 2471 1331 possibilitatem
2512 1235 2681 1329 est),
2727 1229 3204 1305 nihilominus
3250 1230 3347 1305 ad
3378 1236 3729 1313 5888889

1091 1376 1378 1441 tantum
1427 1377 1939 1453 accrescerent,
1995 1391 2158 1464 quae
2209 1367 2308 1441 ad
2346 1364 2745 1456 79268241
2754 1419 3067 1440 ......
3111 1364 3365 1440 addita
3406 1364 3727 1439 facerent

1509 1497 2234 1589 79268246888889‚
2273 1498 2538 1596 quibus
2570 1522 2703 1597 per
2734 1505 3131 1573 10000000
3163 1496 3452 1597 partitis
3476 1522 3726 1596 prove-

1509 1632 1724 1706 niunt
1755 1631 1854 1705 ad
1885 1656 2248 1706 summum
2277 1641 2329 1719 7
2333 1628 3059 1732 9268241513330303530962
3102 1655 3267 1728 quae
3299 1655 3447 1705 non
3480 1640 3723 1704 exten-

1508 1764 1786 1837 duntur
1831 1762 1928 1837 ad
1962 1760 2337 1850 7926825,
2391 1787 2529 1836 nec
2570 1760 2903 1860 superius
2951 1761 3389 1859 productum
3441 1761 3723 1837 unitate

1146 1902 1341 1922 “““
1507 1906 1930 1995 exuperant.
2070 1893 2164 1968 In
2231 1893 2569 1969 maximis
2644 1894 2895 1992 itaque
2970 1893 3317 1982 numeris,
3406 1895 3724 1969 maxima

1097 2042 1382 2105 5888889
1505 2029 1722 2103 laude
1769 2026 2076 2127 dignum
2127 2038 2239 2103 est
2285 2027 2427 2102 hoc
2476 2025 2985 2126 compendium
3028 2026 3301 2127 regulae
3346 2026 3593 2103 trium.

895 2299 1030 2373 Est
1077 2298 1298 2373 etiam
1348 2298 1552 2395 aliud
1599 2296 2110 2395 compendium
2159 2295 2376 2396 hujus
2430 2296 2723 2395 regulae,
2782 2296 3055 2395 absque
3106 2294 3489 2371 omissione
3540 2298 3718 2396 figu-

791 2458 1060 2520 rarum,
1108 2457 1356 2509 omnes
1401 2432 1678 2508 oblatos
1723 2430 2142 2529 quaestionis
2185 2455 2525 2506 numeros
2568 2428 2837 2506 debitis
2880 2429 3059 2505 locis
3104 2456 3327 2530 supra
3366 2431 3481 2505 vel
3529 2430 3722 2505 infra
3806 2486 3815 2495 .

791 2568 1060 2641 lineam
1099 2566 1626 2654 constituendo,
1681 2576 1766 2639 ut
1805 2564 1886 2638 in
1929 2564 2254 2665 generali
2294 2565 2659 2653 method0‚
2716 2590 2875 2664 cap.
2924 2574 2973 2639 5
3024 2564 3195 2641 Lib.
3234 2564 3298 2640 Ι.
3350 2567 3724 2665 proposita

791 2702 1316 2801 praecepimus3
1371 2700 1638 2775 deinde
1679 2698 1950 2799 sing-uli
1990 2699 2150 2775 bini
2192 2700 2502 2787 numeri,
2558 2725 2868 2798 quorum
2914 2698 3099 2773 alter
3136 2709 3246 2773 est
3284 2700 3615 2798 superior
3646 2712 3721 2775 et

792 2835 1001 2933 quasi
1043 2845 1484 2922 numerator,
1533 2833 1718 2910 alter
1750 2833 2052 2909 inferior
2081 2832 2291 2933 quasi
2323 2832 2850 2920 denominator,
2898 2832 3314 2931 partiantur
3343 2857 3477 2931 per
3508 2859 3721 2908 suum

791 2968 1188 3045 maximum
1219 2994 1676 3045 communem
1707 2967 2117 3055 divisorem,
2167 2967 2399 3041 donec
2438 2964 2710 3064 singuli
2738 2974 3235 3039 numeratores
3268 2965 3367 3039 ad
3398 2964 3719 3065 singulos

790 3103 1370 3180 denominatores
1413 3103 1686 3178 fuerint
1728 3101 1808 3176 in
1849 3100 2130 3177 ratione
2161 3099 2398 3200 prima
2428 3126 2557 3175 seu
2586 3098 2891 3174 minima
2930 3100 3029 3175 ad
3071 3098 3402 3190 invicem,
3450 3102 3719 3178 notatis

791 3237 1114 3312 omnium
1147 3235 1422 3312 ultimis
1456 3233 1698 3334 quotis
1725 3263 1751 3329 ς
1783 3235 2126 3321 Tandem,
2172 3232 2593 3332 multiplum
2638 3243 3025 3332 quotorum
3068 3233 3521 3332 superiorum
3572 3261 3718 3310 om-

789 3372 994 3446 nium
1037 3369 1400 3469 partiatur
1437 3393 1570 3469 per
1611 3366 2029 3467 multiplum
2073 3377 2459 3466 quotorum
2502 3364 2949 3454 inferiorum,
2996 3377 3072 3442 et
3112 3366 3236 3442 hic
3274 3377 3538 3466 quotus
3578 3369 3720 3444 erit

683 3515 708 3538 ⁴
789 3525 1212 3603 responsum
1245 3504 1652 3604 quaesimm,
1690 3501 2074 3602 quaestioni
2105 3499 2573 3610 satisfaciens.

1191 3636 1304 3712 Ut
1355 3645 1406 3712 4
1459 3635 1900 3712 aedificantes
1958 3644 2519 3711 construxerunt
2574 3658 2867 3710 murum
2920 3633 2971 3710 6
3022 3635 3245 3735 pedes
3302 3636 3555 3724 altum,
3616 3643 3716 3711 48

1091 3771 1302 3846 ulnas
1349 3769 1672 3870 longum,
1727 3769 1985 3845 diebus
2026 3777 2178 3862 423
2243 3767 2617 3868 quaeritur,
2663 3779 2841 3868 quot
2883 3768 3139 3846 diebus
3182 3779 3233 3845 5
3276 3770 3715 3847 aedifieantes

1088 3904 1556 3980 aedifioebunt
1576 3929 1870 3979 murum
1895 3912 1944 3988 9
1969 3903 2188 4003 pedes
2213 3904 2466 3991 altum,
2500 3912 2603 3978 50
2634 3902 2844 3978 ulnas
2876 3903 3227 4004 longum?
3302 3905 3449 3980 Per
3480 3931 3638 4004 cap.
3664 3915 3715 3980 5

1095 4105 1290 4154 m
1351 4103 1530 4152 pm
1583 4105 1741 4153 mn·-
1835 4105 1958 4154 m„
2233 4035 2402 4112 Lib.
2460 4036 2525 4112 Ι.
2586 4036 3065 4138 disponantur
3123 4063 3372 4112 omnes
3428 4039 3715 4113 numeri

1177 4173 1217 4226 4
1417 4171 1459 4234 9
1617 4173 1698 4228 50
1858 4171 1940 4227 42
1959 4137 1982 4273 ἰ
2233 4167 2483 4243 debito
2514 4167 2683 4256 situ,
2722 4179 2797 4243 et
2828 4169 3125 4244 stabunt
3158 4180 3242 4244 ut
3264 4171 3309 4241 a
3328 4171 3705 4268 margine3

1175 4263 1214 4320 ⁶
1619 4263 1697 4318 48
1741 4259 1902 4331 ‘2¹²⁰‘
1927 4257 2050 4318 ‘³³⁰⁸
2066 4257 2096 4318 p
2232 4299 2499 4375 deinde
2554 4325 2939 4376 numerum
2998 4300 3441 4400 superiorem
3497 4311 3569 4390 4,
3640 4314 3713 4378 et

1085 4434 1503 4511 inferiorem
1557 4433 1628 4521 6,
1691 4434 2038 4509 abbrevia
2087 4458 2220 4533 per
2271 4441 2343 4522 2,
2405 4459 2658 4509 eorum
2714 4436 3113 4510 maximum
3167 4435 3576 4526 divisorem,
3640 4451 3712 4512 et

1083 4571 1264 4644 fient
1293 4573 1368 4672 3»,
1403 4568 1545 4644 hoe
1577 4567 1746 4655 situ,
1787 4569 2271 4686 gfff-&³223
2314 4567 2581 4644 deinde
2610 4568 2887 4668 partire
2920 4577 2970 4644 2
3002 4569 3467 4670 superiorem,
3505 4583 3580 4648 et
3610 4581 3709 4648 48

1085 4702 1520 4790 inferiorem,
1572 4725 1706 4800 per
1754 4725 2208 4776 communem
2249 4701 2673 4802 portitorem
2714 4709 2786 4790 2,
2832 4714 2906 4778 et
2948 4703 3126 4779 fient
3172 4711 3238 4791 1,
3286 4716 3361 4780 et
3401 4711 3523 4793 24,
3570 4705 3709 4782 hoe

1083 4837 1252 4924 situ,
1302 4835 1784 4926 Lssffl-ss3
1841 4834 2108 4910 deinde
2144 4835 2560 4936 partiantur
2598 4835 2977 4936 superiora
3022 4847 3095 4926 9,
3144 4850 3221 4913 et
3256 4837 3603 4916 inferiora
3630 4848 3704 4929 3,

1303 4861 1614 4954 &5442

1084 4993 1216 5066 per
1249 4973 1322 5055 3,
1369 4977 1446 5042 et
1485 4967 1663 5042 fient
1705 4973 1756 5042 3
1801 4991 2041 5066 supra,
2077 4979 2153 5043 et
2190 4977 2228 5043 1
2265 4967 2481 5058 infra,
2517 4969 2659 5046 hoc
2691 4969 2859 5058 situ,
2896 4971 3385 5090 -2—1312-2-2-2—24-93
3443 4972 3707 5049 deinde

2227 5127 2254 5175 1
