4842 6219
1147 913 1226 976 78

2079 899 2216 966 DE
2265 896 2535 965 ARTE
2584 895 3161 964 LOGISTICA.

1551 1123 1660 1199 Ut
1691 1146 1826 1222 pro
1859 1118 2193 1196 terminis
2227 1117 2619 1218 superioris
2652 1117 2967 1216 exempli
3010 1119 3063 1220 {r
3103 1122 3210 1221 ἦ
3254 1131 3329 1194 et
3378 1123 3451 1220 ff,
3506 1120 3637 1218 qui
3670 1122 4091 1198 abbreviari

1449 1257 1826 1357 nequiunt,
1875 1255 1938 1330 si
1983 1253 2366 1353 capiantur
2409 1251 2703 1326 termini
2752 1251 2855 1339 hi,
2912 1253 2963 1354 ξ
3016 1264 3091 1328 et
3144 1254 3245 1354 Η
3299 1264 3373 1327 et
3424 1255 3545 1370 ἐξ,
3600 1255 3731 1352 qui
3762 1255 4091 1330 rationes

1979 1387 2252 1463 habent
2301 1384 2755 1484 compositu,
2808 1397 2883 1460 et
2940 1385 3348 1462 abbreviari
3388 1385 3685 1484 quidem
3724 1401 4029 1486 possunt
4060 1419 4081 1462 ε

1460 1486 1820 1642 {4322}
1985 1520 2184 1608 Ideo,
2245 1516 2611 1594 collocatis
2666 1529 2749 1592 ut
2802 1520 2845 1590 ὲ
2896 1517 3249 1618 margine,
3308 1517 3730 1602 dividantur
3774 1531 3825 1607 7
3876 1546 4085 1619 supe-

1981 1653 2199 1741 riora,
2263 1664 2338 1728 et
2395 1660 2489 1727 21
2552 1651 2920 1738 inferiora,
2990 1676 3123 1750 per
3180 1677 3632 1728 communem
3688 1653 4085 1730 maximam

1449 1811 1864 1863 mensuram
1917 1799 1988 1876 7,
2051 1799 2128 1862 et
2183 1787 2362 1862 fient
2414 1787 2487 1887 g»,
2550 1786 2690 1862 hoc
2750 1785 2916 1872 situ,
2974 1785 3424 1904 -1-1—3-18ss3·
3407 1841 3429 1877 ,
3510 1785 3795 1874 deinde,
3860 1787 4085 1862 simili

1449 1923 1666 1997 modo
1717 1921 2232 1998 abbrevientur
2291 1929 2386 1996 10
2440 1919 2793 2018 superius,
2856 1929 2930 1992 et
2984 1917 3033 1992 6
3084 1917 3411 2006 inferius,
3476 1929 3549 1994 et
3601 1920 3779 1996 fient
3830 1947 4085 1997 eorum

1449 2055 1608 2130 loco
1639 2065 1686 2130 5
1723 2055 2076 2154 superine,
2125 2064 2200 2128 et
2232 2060 2283 2127 3
2313 2053 2643 2141 inferius,
2696 2053 2839 2128 hoc
2869 2051 3037 2138 situ,
3088 2054 3489 2170 {5—-3--1-&3
3570 2054 4085 2130 abbrevientur

1451 2189 1744 2263 tandem
1798 2197 1886 2262 15
1925 2187 2276 2285 superius,
2327 2199 2402 2263 et
2446 2187 2801 2262 alterutra
2848 2193 2897 2259 3
2946 2184 3269 2272 inferius,
3320 2198 3395 2260 et
3434 2187 3609 2262 fient
3640 2197 3689 2262 5
3724 2190 4079 2288 superius,

1455 2331 1530 2394 et
1585 2329 1622 2394 1
1678 2319 2002 2406 inferius,
2059 2319 2198 2394 hoc
2251 2319 2418 2406 situ,
2472 2321 2845 2405 -1-22-5-2,
2902 2317 3017 2392 vel
3064 2317 3225 2404 hoc,
3270 2320 3641 2408 Q,
3704 2321 3821 2396 vel
3872 2321 4089 2398 aliter

2492 2385 2810 2436 5--·18
3295 2385 3607 2437 1·--58

1453 2455 1838 2570 2—232-2—23
1903 2478 2216 2550 quorum
2263 2451 2767 2550 multiplicatis
2816 2449 3311 2549 superioribus
3369 2460 3433 2538 1,
3490 2463 3559 2538 5,
3616 2463 3687 2540 5,
3744 2453 4079 2544 invicem,

1449 2586 1626 2660 fient
1703 2593 1853 2678 255
1941 2583 2228 2674 deinde,
2283 2583 2641 2672 similiter,
2696 2583 3159 2660 inferioribus
3209 2591 3281 2670 3,
3342 2594 3406 2671 1,
3463 2592 3533 2674 8,
3588 2587 3704 2661 vel
3752 2587 4079 2676 6,1,4‚

1449 2718 1782 2808 invicem,
1831 2731 1906 2795 et
1937 2721 2116 2794 fient
2149 2727 2246 2794 24
2276 2747 2296 2794 ι
2361 2718 2647 2817 Itaque,
2686 2728 2843 2793 tota
2871 2716 3149 2804 fractio,
3188 2719 3573 2815 quaestioni
3604 2721 4078 2809 satisfaciam,

1453 2855 1592 2931 erit
1641 2859 1762 2958 ἓξ,
1819 2882 1968 2944 seu,
2025 2880 2158 2954 per
2205 2852 2843 2940 abbreviationem,
2896 2855 3059 2953 1325.
3166 2849 3417 2948 Atque
3466 2854 3575 2930 ita
3620 2855 3699 2928 in
3748 2856 4086 2934 omnibus

1453 2991 1806 3067 similibus
1849 2991 2354 3090 compendiose
2399 2989 2851 3088 operandum
2894 3001 3023 3062 est.

2252 3345 2675 3431 CAPUT
2766 3344 2979 3429 XV.

1976 3584 2093 3643 DE
2139 3582 2805 3645 FRACTIONIBUS
2847 3582 3262 3643 PHYSICIS.

1259 3772 1748 3868 Pnarncmus
1775 3792 1933 3889 jam
1967 3791 2402 3866 fractionum
2435 3790 2845 3890 vulgarium
2878 3790 3448 3889 computationes
3482 3816 3777 3884 omnes3
3826 3794 4085 3869 ordine

1157 3936 1632 4027 sequerentur
1661 3924 1998 4026 physicae.

1257 4058 1602 4162 Physicas
1627 4069 1887 4134 vocant
1909 4070 2194 4158 partem
2227 4067 2356 4133 aut
2387 4068 2631 4155 partes
2662 4056 2933 4156 integri
2954 4056 3211 4156 partiti
3230 4082 3363 4156 per
3388 4068 3741 4134 statutum
3766 4070 3841 4135 et
3864 4060 4084 4159 vulgo

1157 4207 1527 4293 receptum
1559 4194 2006 4291 punitorem,
2045 4190 2613 4267 denominatoris
2644 4192 2825 4278 loco,
2864 4192 2911 4267 ὲ
2942 4188 3093 4265 suis
3126 4189 3557 4267 authoribus
3588 4190 4027 4291 impositum.

1571 4328 1681 4403 Ut
1749 4326 2168 4403 monetariis
2203 4324 2681 4415 ‚nostratibus
2747 4324 3023 4423 placuit
3088 4336 3396 4401 monetae
3460 4324 3725 4401 libram
3790 4352 3937 4401 non
4004 4328 4083 4401 in

1461 4461 1746 4560 quotvis
1793 4462 1920 4537 sed
1961 4461 2040 4536 in
2087 4469 2187 4537 20
2229 4472 2471 4560 partes
2516 4460 2861 4547 dividere,
2898 4458 3147 4556 eisque
3180 4459 3835 4536 denominationem
3870 4460 4085 4537 solidi

1463 4597 1881 4695 imponere3
1937 4606 2010 4671 et
2049 4594 2364 4671 solidum
2411 4595 2493 4669 in
2548 4602 2643 4670 12
2691 4603 2933 4692 partes
2980 4590 3461 4679 subdividere,
3515 4618 3699 4691 quas
3749 4595 4083 4671 denarios

1467 4730 1957 4807 denominant.
2065 4730 2187 4806 Sic
2237 4729 2525 4817 medici,
2580 4726 2923 4829 ponderis
2978 4725 3242 4801 libram
3294 4725 3373 4800 in
3426 4738 3669 4825 partes
3730 4736 3844 4816 12,
3904 4754 4085 4827 quas

1465 4864 1714 4940 uncias
1757 4862 2158 4951 nominant,
2205 4874 2278 4939 et
2323 4862 2613 4939 unciam
2654 4860 2737 4937 in
2780 4868 2827 4935 8
2870 4858 3275 4946 drachmae,
3330 4869 3406 4934 et
3448 4858 3871 4938 drachmam
3912 4862 3993 4937 in
4034 4870 4087 4937 3

1463 4998 1861 5095 scrupulos,
1909 5008 2068 5083 etc„
2116 4996 2554 5095 partiuntur.
2658 4992 3127 5092 chronologi,
3184 5014 3457 5068 annum
3506 4992 3582 5067 in
3636 5000 3729 5069 12
3778 5020 4081 5084 1116118113,
