4842 6219
1629 1296 2144 1415 LIBER
2241 1302 2922 1423 PRIMUS.

932 1628 1078 1706 DE
1145 1626 2194 1705 COMPUTATIONIBUS
2263 1630 3071 1721 QUANTITATUM
3138 1634 3636 1711 OMNIBUS

1255 1792 1856 1870 LOGISTICAE
1921 1793 2512 1872 SPECIEBUS
2580 1796 3323 1876 COMMUNIUM.

2015 2378 2434 2463 CAPUT
2514 2378 2581 2463 Ι.

1581 2632 1698 2693 DE
1743 2632 2611 2695 COMPUTATIONIBUS
2654 2634 2977 2695 PRIMIS.

918 2861 1340 2935 LoolsTmA
1375 2870 1486 2932 est
1519 2882 1638 2933 ars
1671 2858 1856 2933 bene
1891 2859 2384 2957 computandi.

917 3129 1436 3204 Couru'rxno
1471 3138 1582 3201 est
1615 3127 1805 3201 actio
1839 3152 1968 3202 seu
2012 3127 2335 3226 operatio
2367 3153 2532 3225 quae
2577 3153 2669 3201 ex
2711 3127 3042 3226 pluribus
3076 3128 3627 3224 quantitatibuS,
3668 3143 3743 3204 et

819 3262 1308 3360 quantitatum
1339 3259 1908 3360 proprietatibus
1941 3260 2155 3349 datis,
2194 3261 2503 3359 quaesita
2532 3261 2834 3336 invenit.

919 3397 1218 3472 Dantur
1251 3405 1496 3472 autem
1530 3405 1658 3469 aut
1691 3394 1924 3469 vocali
1955 3395 2471 3482 nominatione,
2509 3407 2639 3472 aut
2670 3395 3020 3495 graphica
3050 3395 3442 3472 notatione.

919 3531 1138 3606 Unde
1185 3530 1264 3604 in
1309 3529 1510 3604 omni
1555 3528 1926 3628 Logistioa
1955 3529 2197 3628 primo
2230 3530 2633 3628 procedunt
2664 3529 3066 3605 nominatio
3098 3543 3173 3605 et
3203 3531 3526 3624 notatio;
3576 3559 3743 3606 mox

821 3691 986 3740 oum
1018 3663 1122 3738 eis
1156 3663 1478 3738 succedit
1509 3663 1975 3762 computatio.

917 3932 1386 4030 Computatio
1421 3943 1666 4005 autem
1697 3943 1808 4006 est
1841 3931 2146 4029 simplex
2179 3931 2296 4006 vel
2327 3931 2747 4030 composita.

921 4064 1242 4165 Simplex
1281 4077 1392 4140 est
1435 4063 1900 4164 eomputatio,
1943 4091 2108 4163 quae
2151 4091 2243 4140 ex
2283 4066 2567 4141 duabus
2610 4065 2799 4139 datis
2846 4065 3139 4140 tertiam
3179 4065 3394 4154 uniea
3426 4077 3552 4140 aut
3586 4066 3742 4139 uni-

817 4201 1032 4274 moda
1073 4199 1490 4298 operatione
1531 4198 1832 4274 invenit.

921 4334 1242 4432 Simplex
1273 4333 1718 4432 computatio
1751 4333 1870 4407 vel
1899 4343 2010 4407 est
2039 4333 2280 4430 prima
2310 4332 2428 4406 vel
2460 4345 2642 4407 orta.

921 4466 1172 4541 Prima
1201 4480 1312 4543 est
1343 4464 1808 4567 computatio,
1847 4491 2010 4563 quae
2043 4465 2527 4563 quantitatem
2566 4490 2733 4540 oum
2766 4465 3171 4562 quantitate
3206 4465 3428 4539 semel
3458 4477 3743 4541 tantum

821 4611 1214 4700 computat.
3656 4573 3665 4582 ’

1221 4733 1472 4832 Atque
1505 4732 1684 4821 haeo,
1715 4757 1806 4808 ex
1841 4730 2084 4819 totius,
2121 4731 2371 4830 partis,
2401 4743 2477 4806 et
2506 4730 2835 4818 residuae,
2875 4732 3157 4835 duabus
3190 4730 3741 4832 quibuscunque

1116 4865 1330 4955 datis,
1369 4865 1660 4941 tertiam
1693 4889 2198 4963 quamcunque
2237 4862 2519 4938 invenit
2536 4892 2564 4938 z
2623 4863 2846 4952 Quod
2878 4889 3048 4939 mox
3080 4864 3359 4964 patebit
3392 4867 3738 4965 exemplis

1119 4999 1742 5100 subsequentibus,
