4842 6219
1176 876 1255 938 14
2090 868 2223 933 DE
2272 868 2540 935 ARTE
2587 866 3154 935 LOGISTICA.

1282 1088 1626 1173 Primum,
1686 1098 1766 1159 ut
1820 1086 2034 1159 ducta
2086 1086 2293 1172 linea,
2350 1086 2742 1183 quantitati
2785 1084 3102 1183 quaesitae
3147 1108 3310 1157 cum
3355 1084 3504 1157 suis
3549 1084 4080 1160 collateralibus

1175 1232 1621 1318 praeparetur
1654 1222 1789 1293 sub
1819 1219 2011 1293 linea
2041 1219 2261 1293 locus.

1574 1352 1682 1425 Ut
1714 1350 1791 1423 in
1825 1350 2167 1447 exemplis
2200 1350 2528 1446 superius
2561 1349 2942 1447 propositis
2977 1347 3455 1447 subsequitur.

2426 1611 2751 1686 Primum
2785 1612 3213 1709 exemplum.

1254 1756 1371 1811 Pro
1439 1753 1689 1812 secundo

1168 1861 1228 1909 et
1296 1850 1472 1908 tertio
1542 1870 1688 1927 ΡΜ,
1924 1810 1971 1883 6
2002 1810 2219 1893 hom,
2373 1818 2424 1881 4⁴
2456 1809 2772 1882 mil-laria
2799 1840 2820 1897 ᾗ

1166 1958 1349 2025 cepto,
1366 1946 1689 2025 promptior
1922 1928 1969 1993 3
2006 1910 2220 2005 Hom,
2259 1920 2566 2015 quaesita
2595 1920 2930 1991 miliaria.

1166 2056 1226 2104 et
1267 2046 1496 2105 facilior
1538 2054 1691 2104 esset

1166 2142 1387 2210 modus,
1450 2140 1687 2219 subjun·
2420 2114 2830 2189 Secundum
2862 2114 3288 2211 exemplum.

1164 2256 1307 2313 gere
1361 2236 1527 2294 lineae
1580 2256 1687 2293 nu-

1163 2352 1353 2389 meros
1436 2331 1685 2389 minores
1973 2311 2020 2384 6
2052 2314 2166 2386 bo.
2280 2320 2329 2383 5
2362 2336 2587 2383 mens.
2624 2310 2675 2383 '4
2707 2310 2895 2385 dieb.

1162 2427 1358 2532 datos·
1384 2445 1499 2483 una
1555 2446 1687 2482 cum
1921 2433 2097 2517 quot
2128 2424 2243 2495 bo.
2281 2428 2328 2493 3
2362 2446 2585 2494 menS.
2623 2430 2670 2492 2
2705 2422 2894 2494 d1eb.

1160 2530 1485 2598 quantrtate
1531 2540 1684 2597 quae-

1160 2618 1312 2682 sit&
1364 2616 1467 2674 sed
1511 2636 1589 2673 an
1633 2616 1683 2674 is
2414 2617 2748 2691 Tertium
2784 2616 3210 2713 exemplum.

1156 2712 1359 2769 modus
1392 2712 1469 2769 sit
1499 2712 1683 2770 tutior

1156 2808 1411 2866 nondum
1437 2808 1637 2886 liquet.
1949 2824 2048 2889 20
2080 2814 2206 2888 sol.
2282 2822 2329 2887 Ξ
2362 2814 2487 2889 lib.
2525 2823 2572 2887 5
2605 2838 2825 2886 mare.
2867 2822 2914 2896 9
2949 2838 3187 2886 coron.

1911 2914 3187 3025 ‹sam-3555.

1253 3195 1687 3286 Secundum,
1744 3205 1825 3267 ut
1875 3195 2037 3267 duae
2086 3191 2549 3288 quantitateS,
2605 3211 2914 3286 quarum
2967 3187 3193 3262 altera
3241 3199 3602 3264 crescente
3657 3191 3883 3264 altera
3934 3191 4054 3264 de.

1153 3328 1427 3412 crescit,
1468 3353 1556 3401 ex
1590 3329 1839 3400 eodem
1873 3325 2097 3398 latere
2129 3323 2343 3397 lineae
2376 3320 2819 3395 collaterales
2852 3329 3282 3394 statuantur.

1548 3459 1657 3532 Ut
1689 3458 1767 3530 in
1801 3457 2034 3554 primo
2066 3454 2438 3551 exemplo„
2460 3463 2732 3548 quanto
2763 3453 3004 3550 plures
3037 3453 3304 3528 fuerint
3335 3454 3608 3550 priores
3639 3453 3857 3539 horae,
3905 3466 4048 3528 tres

1444 3613 1723 3686 nempe,
1783 3598 1983 3660 tanto
2032 3585 2378 3684 pauciora
2434 3594 2646 3658 erunt
2692 3583 3009 3658 miliaria
3061 3585 3382 3680 quoesita.
3486 3584 3626 3671 Sic,
3689 3599 4046 3658 crescente

1442 3741 1743 3789 numero
1791 3717 2009 3790 boum
2042 3717 2160 3810 (ut
2208 3713 2522 3788 secundo
2571 3714 2954 3811 exemplo),
2993 3713 3343 3789 decrescit
3385 3740 3726 3789 numerus
3767 3717 4044 3789 dierum

1445 3849 1707 3945 quibus
1762 3849 2013 3922 eodem
2085 3845 2351 3944 pabulo
2414 3844 2850 3920 nutriantur.
2979 3847 3198 3921 Unde
3255 3853 3305 3920 3
3357 3847 3554 3921 horae
3615 3859 3688 3920 et
3744 3849 4045 3944 quaesita

1440 3981 1772 4066 miliaria,
1827 3991 2042 4078 atque
2092 3979 2140 4053 6
2188 3979 2387 4053 horae
2437 3988 2512 4052 et
2565 3988 2614 4054 4
2671 3977 3033 4072 miliaria3
3109 3980 3424 4077 itemque
3483 3979 3531 4055 6
3589 3983 3801 4055 boves
3867 3994 3939 4055 et
3993 3993 4042 4054 4·

1438 4114 1615 4200 dies,
1675 4125 1889 4210 atque
1944 4092 2227 4210 quaisiti
2280 4113 2495 4186 boves
2539 4123 2613 4186 et
2655 4119 2703 4184 2
2747 4111 2921 4198 dies,
2981 4111 3058 4186 in
3107 4114 3360 4188 eodem
3411 4113 3636 4187 latere
3687 4115 4038 4187 linearum

1435 4245 1893 4319 collocantur.

1238 4507 1596 4601 Tertium,
1636 4519 1719 4584 ut
1752 4510 1915 4584 duoe
1954 4509 2412 4605 quantitates,
2458 4506 2674 4581 simul
2705 4518 3099 4581 crescentes
3131 4508 3246 4580 vel
3277 4508 3492 4582 simul
3523 4511 4028 4592 decrescenteS,

1080 4731 1089 4738 .
1138 4664 1225 4710 ex
1259 4613 1574 4714 adversis
1606 4641 1815 4715 lineae
1845 4641 2193 4715 lateribus
2226 4649 2656 4713 statuantur.

1518 4747 1638 4843 Ut
1670 4769 2150 4844 crescentibus
2182 4776 2231 4842 3
2264 4769 2484 4855 horis,
2522 4793 2840 4843 crescere
2871 4769 3090 4842 etiam
3121 4777 3171 4842 4·
3201 4768 3516 4843 miliaria
3549 4769 3688 4842 erit
3717 4793 4023 4852 necesse,

1430 4911 1502 4973 et
1546 4911 1813 4975 contra.
1918 4901 2038 4975 Sic
2086 4900 2568 4974 crescentibus
2621 4899 2668 4974 6
2718 4901 2936 4986 horis,
2991 4925 3306 4976 crescere
3346 4900 3662 4976 miliaria
3702 4899 4022 4997 quaesita,
