4842 6219
1676 890 1811 957 DE
1862 890 2129 958 ARTE
2178 890 2753 959 LOGISTICA.
3589 894 3677 959 39

1042 1136 1133 1185 ex
1167 1110 1309 1185 861
1349 1110 1762 1198 auferenda,
1800 1122 1875 1186 et
1904 1112 2281 1186 restabunt
2312 1116 2485 1192 429.
2582 1108 2866 1207 Itaque,
2905 1110 2948 1181 ὲ
2979 1116 3184 1192 4290
3213 1120 3670 1207 perscrutare

1041 1244 1323 1341 quoties
1366 1244 1637 1342 poteris
1681 1244 1967 1319 auferre
2010 1250 2183 1331 432,
2232 1245 2516 1341 sumpta
2557 1243 2970 1340 conjectura
3013 1266 3104 1316 ex
3141 1251 3212 1329 4,
3261 1266 3422 1339 quoe
3455 1242 3534 1315 in
3567 1251 3667 1316 42

1038 1377 1285 1452 novies
1316 1376 1701 1463 habentur,
1740 1388 1813 1451 et
1845 1387 2222 1451 remanent
2256 1375 2305 1449 6
2334 1406 2355 1467 3
2416 1374 2515 1458 69
2550 1375 2770 1449 etiam
2799 1374 3047 1449 novies
3081 1374 3452 1449 continent
3485 1382 3554 1463 3,
3593 1390 3666 1451 et

1040 1508 1213 1581 satis
1246 1508 1481 1582 multa
1510 1518 1863 1606 praeterea
1893 1509 2391 1593 remanebunt,
2437 1506 2702 1604 quibus
2741 1505 2987 1579 novies
3021 1504 3526 1581 contineantur
3559 1516 3607 1581 2
3637 1540 3658 1599 ;

1034 1640 1201 1715 ideo
1246 1648 1295 1723 9
1337 1651 1681 1737 sequente
1722 1640 1881 1715 loco
1922 1666 2171 1727 vacuo,
2226 1665 2360 1738 pro
2404 1640 2718 1714 secunda
2760 1638 2995 1737 figura
3036 1639 3262 1735 quoti,
3309 1640 3655 1737 ponitur;

1034 1772 1319 1859 deinde,
1373 1772 1613 1847 ductis
1654 1780 1803 1847 432
1846 1800 1977 1873 per
2019 1782 2088 1860 9,
2142 1774 2319 1847 fient
2358 1778 2579 1858 8888,
2635 1771 3163 1846 substrahenda
3193 1797 3282 1845 ex
3317 1780 3536 1861 4290,
3587 1786 3660 1847 et

1032 1917 1411 1980 remanent
1442 1914 1615 1981 402.
1722 1905 2005 2005 Itaque,
2046 1918 2504 2006 perscrutare
2543 1906 2824 2005 quoties
2867 1907 2912 1977 ὲ
2955 1913 3154 1989 4029
3197 1906 3468 1981 auferri
3497 1933 3657 2007 pos-

1030 2039 1176 2113 sint
1218 2045 1390 2126 432,
1446 2038 1669 2115 simili
1714 2042 1857 2137 qua
1899 2038 2103 2138 prius
2148 2041 2580 2137 conjectura,
2635 2050 2710 2114 et
2752 2038 3076 2113 invenies
3120 2064 3370 2113 rursus
3409 2040 3654 2115 novies

1029 2173 1167 2245 hoc
1212 2170 1433 2246 etiam
1476 2172 1637 2247 fieri
1680 2198 1939 2271 posse3
1992 2198 2123 2271 per
2156 2172 2303 2247 alia
2334 2198 2508 2271 ergo
2540 2180 2611 2259 9,
2649 2182 2870 2270 quoto
2903 2173 3204 2272 adjecta,
3249 2173 3654 2272 multiplica

1028 2313 1199 2391 432,
1236 2316 1313 2380 et
1336 2290 1541 2393 fient,
1578 2318 1661 2381 ut
1692 2331 1933 2404 supra,
1970 2312 2168 2381 3888
2202 2306 2732 2382 substrahenda
2762 2331 2854 2381 ex
2886 2314 3107 2393 4029,
3159 2318 3232 2381 et
3265 2321 3651 2405 supersunt

1031 2446 1195 2513 141.
1301 2439 1725 2527 Considera,
1777 2466 1973 2539 ergo,
2022 2465 2113 2515 ex
2152 2449 2343 2514 1414
2387 2441 2668 2537 quoties
2714 2448 2864 2516 432
2907 2440 3179 2516 auferri
3223 2441 3519 2538 possint,
3575 2454 3648 2517 et

1023 2570 1103 2645 id
1142 2582 1255 2644 ter
1293 2571 1454 2645 fieri
1490 2596 1698 2670 posse
1736 2572 2073 2670 reperies.

1120 2704 1403 2781 Ultimo
1452 2732 1625 2805 ergo
1676 2706 2068 2806 quotientis
2118 2707 2277 2781 loco
2324 2716 2375 2781 3
2425 2719 2808 2806 ponantur,
2856 2733 2989 2806 per
3033 2732 3193 2806 quae
3241 2707 3646 2807 multiplica

1018 2846 1189 2926 432,
1252 2840 1429 2913 fient
1494 2838 1707 2926 1296,
1771 2839 2166 2915 auferenda
2230 2866 2322 2913 ex
2385 2847 2578 2913 1414
2645 2839 3138 2938 suprapositis,
3209 2850 3284 2914 et
3353 2842 3642 2915 tandem

1014 2983 1398 3070 supersunt
1457 2971 1780 3069 reliquias
1846 2980 1882 3045 1
1898 2978 2009 3059 18,
2082 2972 2233 3047 sive
2290 2974 2464 3074 ᾗῇ,
2538 2999 2698 3072 quae
2758 2985 2978 3071 quoto
3037 2972 3494 3069 adjiciantur,
3567 2988 3640 3049 et

1011 3106 1411 3206 perfectum
1463 3119 1763 3204 quotum
1823 3106 2165 3209 19937H'3
2212 3107 2540 3183 reddent.

1109 3410 1449 3484 Tertium
1483 3410 1913 3508 exemplum,
1950 3422 2026 3485 et
2058 3409 2450 3509 superioris
2481 3409 3104 3508 multiplicationis
3137 3433 3460 3484 examen.

1112 3642 1277 3717 Sint
1305 3642 2011 3732 79679240818060
2043 3641 2427 3742 partienda
2463 3669 2594 3743 per
2637 3643 3133 3735 8650913723
3193 3643 3630 3719 constituan-

1004 3786 1125 3848 tur
1156 3787 1239 3850 ut
1269 3777 1314 3848 ὲ
1344 3776 1671 3874 margine
1702 3807 1724 3868 ;
1784 3777 2049 3854 deinde
2085 3777 2466 3853 considera
2498 3777 2778 3876 quoties
2812 3775 3012 3852 8650
3045 3776 3312 3853 auferri
3349 3778 3627 3876 possint

1532 3949 1573 4002 0
1728 3936 1817 3985 ex
1857 3909 2131 4000 79679,
2186 3938 2314 3987 seu
2365 3910 2646 4008 quoties
2697 3917 2744 3984 8
2794 3935 2885 3984 ex
2930 3918 3052 3998 79,
3109 3921 3183 3984 et
3233 3911 3623 4008 perspicies

1208 4021 1532 4094 fimum
1724 4042 1968 4119 novies
2020 4043 2099 4117 id
2143 4043 2303 4118 fieri
2353 4069 2581 4141 posse,
2642 4041 2916 4117 relictis
2975 4041 3194 4116 etiam
3249 4051 3428 4138 quot
3477 4042 3619 4114 suf-

1086 4099 1493 4253 lflgggffggl
1721 4175 1977 4250 ficiunt
2034 4201 2170 4274 pro
2228 4174 2298 4262 6,
2362 4186 2437 4249 et
2492 4185 2564 4261 5,
2635 4184 2710 4248 et
2764 4171 3067 4271 reliquis
3126 4173 3612 4270 sequentibus,

1006 4258 1591 4422 &gfff-1252&
1720 4307 1941 4382 etiam
1990 4307 2238 4382 novies
2292 4305 2754 4397 auferendis;
2828 4305 3090 4380 deinde
3143 4330 3276 4404 per
3327 4313 3397 4393 9,
3457 4306 3614 4380 loco

1010 4443 1447 4595 1ἷῖξῖῗέξᾶ
1720 4438 1927 4538 quoti
1956 4437 2212 4537 posita,
2244 4436 2652 4535 multiplica
2681 4436 3101 4534 partitorem
3137 4435 3604 4528 865091372,

1119 4601 1482 4674 gamm„
1718 4584 1790 4647 et
1833 4571 2011 4646 fient
2054 4575 2574 4660 7785822348,
2631 4567 2875 4642 debito
2923 4567 3081 4642 loco
3127 4569 3602 4658 subnotanda,

1158 4680 1565 4756 ‘mum
1715 4717 1789 4780 et
1836 4729 1928 4779 ex
1976 4702 2122 4776 illis
2172 4699 2640 4799 superpositis
2691 4700 3102 4787 auferenda,
3163 4711 3238 4775 et
3285 4725 3606 4776 remane-

980 4844 1166 4919 bunt
1206 4847 1695 4932 1821017338
1736 4837 2122 4937 partienda
2156 4859 2289 4934 per
2320 4833 2644 4910 oblatum
2673 4831 3097 4932 portitorem
3140 4831 3408 4921 86509‚
3448 4835 3597 4923 δια,

980 4987 1053 5052 et
1083 4975 1441 5075 percipies
1472 4975 1629 5050 hoec
1660 5000 1752 5049 ex
1782 4971 1929 5048 illis
1962 4969 2344 5067 (nimirum
2380 4974 2428 5042 8
2461 4993 2552 5042 ex
2593 4974 2706 5054 18,
2757 4978 2830 5042 et
2867 4977 3132 5043 caetera
3159 4992 3251 5042 ex
3283 4969 3596 5066 caeteris)
