<?xml version="1.0" encoding="UTF-8"?>
<!DOCTYPE html PUBLIC "-//W3C//DTD XHTML 1.0 Transitional//EN"
    "http://www.w3.org/TR/xhtml1/DTD/xhtml1-transitional.dtd">
<html xmlns="http://www.w3.org/1999/xhtml" xml:lang="en" lang="en">
 <head>
  <title>
</title>
<meta http-equiv="Content-Type" content="text/html;charset=utf-8" />
  <meta name='ocr-system' content='tesseract 3.04.00' />
  <meta name='ocr-capabilities' content='ocr_page ocr_carea ocr_par ocr_line ocrx_word'/>
</head>
<body>
  <div class='ocr_page' id='page_1' title='image "./deartelogistica00unkngoog_0174.png"; bbox 0 0 4842 6219; ppageno 0'>
   <div class='ocr_carea' id='block_1_1' title="bbox 1238 924 3238 994">
    <p class='ocr_par' dir='ltr' id='par_1_1' title="bbox 1238 924 3238 994">
     <span class='ocr_line' id='line_1_1' title="bbox 1238 924 3238 994; baseline 0.001 -6"><span class='ocrx_word' id='word_1_1' title='bbox 1238 930 1323 989; x_wconf 81' lang='lat'><strong>52</strong></span> <span class='ocrx_word' id='word_1_2' title='bbox 2167 924 2304 991; x_wconf 90' lang='lat' dir='ltr'><strong>DE</strong></span> <span class='ocrx_word' id='word_1_3' title='bbox 2352 924 2620 993; x_wconf 85' lang='lat' dir='ltr'><strong>ARTE</strong></span> <span class='ocrx_word' id='word_1_4' title='bbox 2669 924 3238 994; x_wconf 86' lang='lat' dir='ltr'><strong>LOGISTICA.</strong></span> 
     </span>
    </p>
   </div>
   <div class='ocr_carea' id='block_1_2' title="bbox 1517 1142 4152 2426">
    <p class='ocr_par' dir='ltr' id='par_1_2' title="bbox 1517 1142 4152 2426">
     <span class='ocr_line' id='line_1_2' title="bbox 1540 1142 4146 1244; baseline 0.001 -25"><span class='ocrx_word' id='word_1_5' title='bbox 1540 1146 2117 1244; x_wconf 86' lang='lat' dir='ltr'><strong>supplementum</strong></span> <span class='ocrx_word' id='word_1_6' title='bbox 2184 1143 2874 1243; x_wconf 82' lang='lat' dir='ltr'><strong>quintuplieationis,</strong></span> <span class='ocrx_word' id='word_1_7' title='bbox 2957 1156 3085 1221; x_wconf 78' lang='lat' dir='ltr'><strong>aut</strong></span> <span class='ocrx_word' id='word_1_8' title='bbox 3152 1142 3791 1242; x_wconf 77' lang='lat' dir='ltr'><strong>quintupartientis</strong></span> <span class='ocrx_word' id='word_1_9' title='bbox 3854 1146 4146 1234; x_wconf 77' lang='lat' dir='ltr'><strong>radicis,</strong></span> 
     </span>
     <span class='ocr_line' id='line_1_3' title="bbox 1538 1276 4152 1377; baseline 0.001 -26"><span class='ocrx_word' id='word_1_10' title='bbox 1538 1277 1861 1375; x_wconf 88' lang='lat' dir='ltr'><strong>quinque</strong></span> <span class='ocrx_word' id='word_1_11' title='bbox 1929 1288 2255 1353; x_wconf 79' lang='lat' dir='ltr'>constare</span> <span class='ocrx_word' id='word_1_12' title='bbox 2312 1278 2692 1375; x_wconf 79' lang='lat' dir='ltr'><strong>partibus3</strong></span> <span class='ocrx_word' id='word_1_13' title='bbox 2769 1303 3078 1376; x_wconf 78' lang='lat' dir='ltr'><strong>quarum</strong></span> <span class='ocrx_word' id='word_1_14' title='bbox 3140 1276 3381 1374; x_wconf 79' lang='lat' dir='ltr'><strong>prima</strong></span> <span class='ocrx_word' id='word_1_15' title='bbox 3441 1286 3552 1351; x_wconf 88' lang='lat' dir='ltr'><strong>est</strong></span> <span class='ocrx_word' id='word_1_16' title='bbox 3617 1276 4152 1377; x_wconf 77' lang='lat' dir='ltr'><strong>quadruplicati</strong></span> 
     </span>
     <span class='ocr_line' id='line_1_4' title="bbox 1534 1407 4142 1507; baseline 0.001 -26"><span class='ocrx_word' id='word_1_17' title='bbox 1534 1408 2003 1507; x_wconf 78' lang='lat' dir='ltr'><strong>praeoedentis</strong></span> <span class='ocrx_word' id='word_1_18' title='bbox 2062 1407 2523 1506; x_wconf 84' lang='lat' dir='ltr'><strong>quintuplum</strong></span> <span class='ocrx_word' id='word_1_19' title='bbox 2582 1409 2882 1483; x_wconf 86' lang='lat' dir='ltr'><strong>ductum</strong></span> <span class='ocrx_word' id='word_1_20' title='bbox 2936 1433 3068 1506; x_wconf 88' lang='lat' dir='ltr'><strong>per</strong></span> <span class='ocrx_word' id='word_1_21' title='bbox 3125 1407 3565 1499; x_wconf 75' lang='lat' dir='ltr'><strong>suecedens3</strong></span> <span class='ocrx_word' id='word_1_22' title='bbox 3641 1408 3958 1483; x_wconf 81' lang='lat' dir='ltr'><strong>secunda</strong></span> <span class='ocrx_word' id='word_1_23' title='bbox 4013 1420 4142 1495; x_wconf 84' lang='lat' dir='ltr'><strong>est,</strong></span> 
     </span>
     <span class='ocr_line' id='line_1_5' title="bbox 1530 1538 4142 1638; baseline 0 -23"><span class='ocrx_word' id='word_1_24' title='bbox 1530 1539 1875 1638; x_wconf 82' lang='lat' dir='ltr'><strong>triplicati</strong></span> <span class='ocrx_word' id='word_1_25' title='bbox 1924 1538 2396 1638; x_wconf 80' lang='lat' dir='ltr'><strong>praeoedentis</strong></span> <span class='ocrx_word' id='word_1_26' title='bbox 2452 1540 2836 1638; x_wconf 87' lang='lat' dir='ltr'><strong>decuplum</strong></span> <span class='ocrx_word' id='word_1_27' title='bbox 2883 1540 3183 1614; x_wconf 84' lang='lat' dir='ltr'><strong>ductum</strong></span> <span class='ocrx_word' id='word_1_28' title='bbox 3229 1564 3362 1637; x_wconf 89' lang='lat' dir='ltr'><strong>per</strong></span> <span class='ocrx_word' id='word_1_29' title='bbox 3409 1538 3857 1636; x_wconf 68' lang='lat' dir='ltr'><strong>duplicatum</strong></span> <span class='ocrx_word' id='word_1_30' title='bbox 3905 1566 4142 1616; x_wconf 62' lang='lat' dir='ltr'><strong>sucos&gt;</strong></span> 
     </span>
     <span class='ocr_line' id='line_1_6' title="bbox 1527 1670 4142 1771; baseline 0.001 -26"><span class='ocrx_word' id='word_1_31' title='bbox 1527 1671 1764 1747; x_wconf 87' lang='lat' dir='ltr'><strong>dentis</strong></span> <span class='ocrx_word' id='word_1_32' title='bbox 1794 1701 1816 1763; x_wconf 84' lang='lat'>3</span> <span class='ocrx_word' id='word_1_33' title='bbox 1881 1671 2099 1745; x_wconf 84' lang='lat' dir='ltr'><strong>tertia</strong></span> <span class='ocrx_word' id='word_1_34' title='bbox 2145 1682 2275 1758; x_wconf 88' lang='lat' dir='ltr'><strong>est,</strong></span> <span class='ocrx_word' id='word_1_35' title='bbox 2330 1670 2684 1770; x_wconf 81' lang='lat' dir='ltr'><strong>duplicati</strong></span> <span class='ocrx_word' id='word_1_36' title='bbox 2731 1670 3202 1771; x_wconf 63' lang='lat' dir='ltr'><strong>praecedentis</strong></span> <span class='ocrx_word' id='word_1_37' title='bbox 3245 1670 3632 1769; x_wconf 82' lang='lat' dir='ltr'><strong>decuplum</strong></span> <span class='ocrx_word' id='word_1_38' title='bbox 3673 1672 3974 1747; x_wconf 86' lang='lat' dir='ltr'><strong>ductum</strong></span> <span class='ocrx_word' id='word_1_39' title='bbox 4011 1698 4142 1771; x_wconf 89' lang='lat' dir='ltr'><strong>per</strong></span> 
     </span>
     <span class='ocr_line' id='line_1_7' title="bbox 1524 1802 4141 1903; baseline 0 -26"><span class='ocrx_word' id='word_1_40' title='bbox 1524 1802 1965 1901; x_wconf 80' lang='lat' dir='ltr'><strong>triplicatum</strong></span> <span class='ocrx_word' id='word_1_41' title='bbox 2034 1802 2530 1893; x_wconf 84' lang='lat' dir='ltr'><strong>suceedentis;</strong></span> <span class='ocrx_word' id='word_1_42' title='bbox 2611 1814 2874 1900; x_wconf 79' lang='lat' dir='ltr'><strong>quarta</strong></span> <span class='ocrx_word' id='word_1_43' title='bbox 2937 1813 3067 1889; x_wconf 91' lang='lat' dir='ltr'><strong>est,</strong></span> <span class='ocrx_word' id='word_1_44' title='bbox 3143 1802 3614 1900; x_wconf 62' lang='lat' dir='ltr'><strong>praecedentis</strong></span> <span class='ocrx_word' id='word_1_45' title='bbox 3679 1802 4141 1903; x_wconf 85' lang='lat' dir='ltr'><strong>quintuplum</strong></span> 
     </span>
     <span class='ocr_line' id='line_1_8' title="bbox 1524 1933 4137 2033; baseline 0.001 -25"><span class='ocrx_word' id='word_1_46' title='bbox 1524 1935 1824 2009; x_wconf 85' lang='lat' dir='ltr'><strong>ductum</strong></span> <span class='ocrx_word' id='word_1_47' title='bbox 1857 1934 1935 2006; x_wconf 92' lang='lat' dir='ltr'><strong>in</strong></span> <span class='ocrx_word' id='word_1_48' title='bbox 1970 1934 2604 2032; x_wconf 79' lang='lat' dir='ltr'><strong>quadruplicatum</strong></span> <span class='ocrx_word' id='word_1_49' title='bbox 2637 1934 3082 2009; x_wconf 81' lang='lat' dir='ltr'><strong>succedentis</strong></span> <span class='ocrx_word' id='word_1_50' title='bbox 3111 1964 3132 2025; x_wconf 92' lang='lat'>;</span> <span class='ocrx_word' id='word_1_51' title='bbox 3187 1933 3444 2031; x_wconf 85' lang='lat' dir='ltr'><strong>quinta</strong></span> <span class='ocrx_word' id='word_1_52' title='bbox 3481 1945 3610 2020; x_wconf 86' lang='lat' dir='ltr'><strong>est,</strong></span> <span class='ocrx_word' id='word_1_53' title='bbox 3659 1934 3896 2031; x_wconf 85' lang='lat' dir='ltr'><strong>ipsum</strong></span> <span class='ocrx_word' id='word_1_54' title='bbox 3930 1936 4137 2033; x_wconf 88' lang='lat' dir='ltr'><strong>quin-</strong></span> 
     </span>
     <span class='ocr_line' id='line_1_9' title="bbox 1523 2064 4136 2165; baseline 0.001 -25"><span class='ocrx_word' id='word_1_55' title='bbox 1523 2065 1951 2164; x_wconf 83' lang='lat' dir='ltr'><strong>tuplioatum</strong></span> <span class='ocrx_word' id='word_1_56' title='bbox 2002 2066 2448 2141; x_wconf 67' lang='lat' dir='ltr'><strong>succedentis</strong></span> <span class='ocrx_word' id='word_1_57' title='bbox 2475 2094 2498 2141; x_wconf 71' lang='grc' dir='ltr'><strong><em>ε</em></strong></span> <span class='ocrx_word' id='word_1_58' title='bbox 2577 2065 2830 2163; x_wconf 76' lang='lat' dir='ltr'><strong>Atque</strong></span> <span class='ocrx_word' id='word_1_59' title='bbox 2876 2065 2986 2141; x_wconf 78' lang='lat' dir='ltr'><strong>ita</strong></span> <span class='ocrx_word' id='word_1_60' title='bbox 3033 2064 3747 2163; x_wconf 72' lang='lat' dir='ltr'><strong>quadruplicationiS,</strong></span> <span class='ocrx_word' id='word_1_61' title='bbox 3797 2067 4136 2165; x_wconf 87' lang='lat' dir='ltr'><strong>sextupli-</strong></span> 
     </span>
     <span class='ocr_line' id='line_1_10' title="bbox 1520 2194 4134 2296; baseline 0.001 -25"><span class='ocrx_word' id='word_1_62' title='bbox 1520 2196 1843 2283; x_wconf 80' lang='lat' dir='ltr'><strong>cationis,</strong></span> <span class='ocrx_word' id='word_1_63' title='bbox 1914 2208 1988 2271; x_wconf 90' lang='lat' dir='ltr'><strong>et</strong></span> <span class='ocrx_word' id='word_1_64' title='bbox 2054 2196 2498 2295; x_wconf 80' lang='lat' dir='ltr'><strong>reliquarum</strong></span> <span class='ocrx_word' id='word_1_65' title='bbox 2565 2197 3061 2296; x_wconf 81' lang='lat' dir='ltr'><strong>supplementa</strong></span> <span class='ocrx_word' id='word_1_66' title='bbox 3125 2222 3215 2271; x_wconf 86' lang='lat' dir='ltr'><strong>ex</strong></span> <span class='ocrx_word' id='word_1_67' title='bbox 3275 2194 3416 2271; x_wconf 60' lang='lat' dir='ltr'><strong>hac</strong></span> <span class='ocrx_word' id='word_1_68' title='bbox 3476 2196 3746 2271; x_wconf 66' lang='lat' dir='ltr'><strong>tabem</strong></span> <span class='ocrx_word' id='word_1_69' title='bbox 3799 2196 4134 2273; x_wconf 76' lang='lat' dir='ltr'><strong>invenire</strong></span> 
     </span>
     <span class='ocr_line' id='line_1_11' title="bbox 1517 2328 1810 2426; baseline -0.003 -23"><span class='ocrx_word' id='word_1_70' title='bbox 1517 2328 1810 2426; x_wconf 78' lang='lat' dir='ltr'><strong>poteris·</strong></span> 
     </span>
    </p>
   </div>
   <div class='ocr_carea' id='block_1_3' title="bbox 1206 2591 4130 3223">
    <p class='ocr_par' dir='ltr' id='par_1_3' title="bbox 1212 2591 4130 2957">
     <span class='ocr_line' id='line_1_12' title="bbox 1318 2591 4130 2691; baseline 0.001 -23"><span class='ocrx_word' id='word_1_71' title='bbox 1318 2594 1434 2668; x_wconf 86' lang='lat' dir='ltr'><strong>Ex</strong></span> <span class='ocrx_word' id='word_1_72' title='bbox 1502 2592 2022 2667; x_wconf 80' lang='lat' dir='ltr'><strong>sinistimarum</strong></span> <span class='ocrx_word' id='word_1_73' title='bbox 2087 2594 2488 2691; x_wconf 80' lang='lat' dir='ltr'><strong>figurarum</strong></span> <span class='ocrx_word' id='word_1_74' title='bbox 2553 2592 2800 2666; x_wconf 76' lang='lat' dir='ltr'><strong>radice</strong></span> <span class='ocrx_word' id='word_1_75' title='bbox 2867 2594 3083 2689; x_wconf 58' lang='lat' dir='ltr'><strong>quem</strong></span> <span class='ocrx_word' id='word_1_76' title='bbox 3146 2591 3462 2666; x_wconf 63' lang='lat' dir='ltr'><strong>maxims,</strong></span> <span class='ocrx_word' id='word_1_77' title='bbox 3523 2595 3992 2690; x_wconf 83' lang='lat' dir='ltr'><strong>praeeedente,</strong></span> <span class='ocrx_word' id='word_1_78' title='bbox 4057 2608 4130 2670; x_wconf 89' lang='lat' dir='ltr'><strong>et</strong></span> 
     </span>
     <span class='ocr_line' id='line_1_13' title="bbox 1214 2722 4123 2825; baseline 0.001 -26"><span class='ocrx_word' id='word_1_79' title='bbox 1214 2726 1663 2825; x_wconf 85' lang='lat' dir='ltr'><strong>singulorum</strong></span> <span class='ocrx_word' id='word_1_80' title='bbox 1726 2725 2383 2824; x_wconf 80' lang='lat' dir='ltr'><strong>supplementorum</strong></span> <span class='ocrx_word' id='word_1_81' title='bbox 2450 2722 2702 2821; x_wconf 83' lang='lat' dir='ltr'><strong>figuris</strong></span> <span class='ocrx_word' id='word_1_82' title='bbox 2761 2722 3307 2799; x_wconf 81' lang='lat' dir='ltr'><strong>succedentibus</strong></span> <span class='ocrx_word' id='word_1_83' title='bbox 3363 2724 3444 2797; x_wconf 94' lang='lat' dir='ltr'><strong>in</strong></span> <span class='ocrx_word' id='word_1_84' title='bbox 3503 2748 3728 2798; x_wconf 88' lang='lat' dir='ltr'><strong>unum</strong></span> <span class='ocrx_word' id='word_1_85' title='bbox 3785 2725 4123 2814; x_wconf 80' lang='lat' dir='ltr'><strong>collectis,</strong></span> 
     </span>
     <span class='ocr_line' id='line_1_14' title="bbox 1212 2856 2426 2957; baseline -0.001 -25"><span class='ocrx_word' id='word_1_86' title='bbox 1212 2868 1530 2957; x_wconf 78' lang='lat' dir='ltr'><strong>emerget</strong></span> <span class='ocrx_word' id='word_1_87' title='bbox 1572 2856 1784 2931; x_wconf 80' lang='lat' dir='ltr'><strong>radix</strong></span> <span class='ocrx_word' id='word_1_88' title='bbox 1824 2857 2035 2956; x_wconf 91' lang='lat' dir='ltr'><strong>plene</strong></span> <span class='ocrx_word' id='word_1_89' title='bbox 2082 2868 2426 2932; x_wconf 82' lang='lat' dir='ltr'><strong>extracta.</strong></span> 
     </span>
    </p>

    <p class='ocr_par' dir='ltr' id='par_1_4' title="bbox 1206 2988 4115 3223">
     <span class='ocr_line' id='line_1_15' title="bbox 1330 2988 4115 3093; baseline -0 -27"><span class='ocrx_word' id='word_1_90' title='bbox 1330 2988 1843 3089; x_wconf 81' lang='lat' dir='ltr'><strong>Supplementa</strong></span> <span class='ocrx_word' id='word_1_91' title='bbox 1914 3001 2187 3093; x_wconf 33' lang='lat' dir='ltr'><strong>autem.</strong></span> <span class='ocrx_word' id='word_1_92' title='bbox 2222 2988 2546 3064; x_wconf 90' lang='lat' dir='ltr'><strong>omnium</strong></span> <span class='ocrx_word' id='word_1_93' title='bbox 2611 2988 2940 3063; x_wconf 77' lang='lat' dir='ltr'><strong>radicum</strong></span> <span class='ocrx_word' id='word_1_94' title='bbox 3005 2988 3353 3063; x_wconf 82' lang='lat' dir='ltr'><strong>hactenus</strong></span> <span class='ocrx_word' id='word_1_95' title='bbox 3419 2988 3780 3088; x_wconf 81' lang='lat' dir='ltr'><strong>descripta</strong></span> <span class='ocrx_word' id='word_1_96' title='bbox 3841 2989 4115 3082; x_wconf 73' lang='lat' dir='ltr'><strong>habe83</strong></span> 
     </span>
     <span class='ocr_line' id='line_1_16' title="bbox 1206 3121 3441 3223; baseline -0.001 -24"><span class='ocrx_word' id='word_1_97' title='bbox 1206 3137 1526 3223; x_wconf 85' lang='lat' dir='ltr'><strong>superest</strong></span> <span class='ocrx_word' id='word_1_98' title='bbox 1576 3150 1749 3223; x_wconf 85' lang='lat' dir='ltr'><strong>ergo</strong></span> <span class='ocrx_word' id='word_1_99' title='bbox 1790 3125 1945 3222; x_wconf 85' lang='lat' dir='ltr'><strong>jam</strong></span> <span class='ocrx_word' id='word_1_100' title='bbox 1994 3125 2085 3198; x_wconf 89' lang='lat' dir='ltr'><strong>de</strong></span> <span class='ocrx_word' id='word_1_101' title='bbox 2122 3125 2528 3200; x_wconf 80' lang='lat' dir='ltr'><strong>earundem</strong></span> <span class='ocrx_word' id='word_1_102' title='bbox 2578 3121 3019 3196; x_wconf 74' lang='lat' dir='ltr'><strong>extractione</strong></span> <span class='ocrx_word' id='word_1_103' title='bbox 3071 3121 3441 3196; x_wconf 82' lang='lat' dir='ltr'><strong>disserere.</strong></span> 
     </span>
    </p>
   </div>
   <div class='ocr_carea' id='block_1_4' title="bbox 2284 3473 3036 3561">
    <p class='ocr_par' dir='ltr' id='par_1_5' title="bbox 2284 3473 3036 3561">
     <span class='ocr_line' id='line_1_17' title="bbox 2284 3473 3036 3561; baseline -0.004 0"><span class='ocrx_word' id='word_1_104' title='bbox 2284 3475 2699 3561; x_wconf 91' lang='lat' dir='ltr'><strong>CAPUT</strong></span> <span class='ocrx_word' id='word_1_105' title='bbox 2782 3473 3036 3558; x_wconf 89' lang='lat' dir='ltr'><strong>VIII.</strong></span> 
     </span>
    </p>
   </div>
   <div class='ocr_carea' id='block_1_5' title="bbox 2024 3711 3290 3774">
    <p class='ocr_par' dir='ltr' id='par_1_6' title="bbox 2024 3711 3290 3774">
     <span class='ocr_line' id='line_1_18' title="bbox 2024 3711 3290 3774; baseline -0.003 0"><span class='ocrx_word' id='word_1_106' title='bbox 2024 3714 2142 3774; x_wconf 92' lang='lat' dir='ltr'><strong>DE</strong></span> <span class='ocrx_word' id='word_1_107' title='bbox 2186 3713 2596 3774; x_wconf 86' lang='lat' dir='ltr'><strong>RADICUM</strong></span> <span class='ocrx_word' id='word_1_108' title='bbox 2640 3711 3290 3773; x_wconf 87' lang='lat' dir='ltr'><strong>EXTRACTIONE.</strong></span> 
     </span>
    </p>
   </div>
   <div class='ocr_carea' id='block_1_6' title="bbox 1197 3917 4110 5056">
    <p class='ocr_par' dir='ltr' id='par_1_7' title="bbox 1197 3917 4110 4285">
     <span class='ocr_line' id='line_1_19' title="bbox 1304 3917 3547 4018; baseline -0.004 -18"><span class='ocrx_word' id='word_1_109' title='bbox 1304 3925 1567 4000; x_wconf 72' lang='lat' dir='ltr'><strong>Omns</strong></span> <span class='ocrx_word' id='word_1_110' title='bbox 1602 3919 1909 3996; x_wconf 77' lang='lat' dir='ltr'><strong>radicati</strong></span> <span class='ocrx_word' id='word_1_111' title='bbox 1942 3919 2155 3995; x_wconf 79' lang='lat' dir='ltr'><strong>radix</strong></span> <span class='ocrx_word' id='word_1_112' title='bbox 2188 3930 2315 3996; x_wconf 79' lang='lat' dir='ltr'><strong>aut</strong></span> <span class='ocrx_word' id='word_1_113' title='bbox 2346 3931 2457 3994; x_wconf 89' lang='lat' dir='ltr'><strong>est</strong></span> <span class='ocrx_word' id='word_1_114' title='bbox 2489 3919 2706 3994; x_wconf 87' lang='lat' dir='ltr'><strong>unius</strong></span> <span class='ocrx_word' id='word_1_115' title='bbox 2737 3918 3009 4018; x_wconf 81' lang='lat' dir='ltr'><strong>figurae,</strong></span> <span class='ocrx_word' id='word_1_116' title='bbox 3047 3930 3178 3993; x_wconf 78' lang='lat' dir='ltr'><strong>aut</strong></span> <span class='ocrx_word' id='word_1_117' title='bbox 3207 3917 3547 4016; x_wconf 89' lang='lat' dir='ltr'><strong>plurium.</strong></span> 
     </span>
     <span class='ocr_line' id='line_1_20' title="bbox 1302 4050 4110 4152; baseline -0.002 -20"><span class='ocrx_word' id='word_1_118' title='bbox 1302 4055 1617 4132; x_wconf 80' lang='lat' dir='ltr'><strong>Radices</strong></span> <span class='ocrx_word' id='word_1_119' title='bbox 1651 4079 1897 4129; x_wconf 88' lang='lat' dir='ltr'><strong>omnes</strong></span> <span class='ocrx_word' id='word_1_120' title='bbox 1928 4052 2162 4129; x_wconf 83' lang='lat' dir='ltr'><strong>unicae</strong></span> <span class='ocrx_word' id='word_1_121' title='bbox 2192 4054 2467 4152; x_wconf 80' lang='lat' dir='ltr'><strong>figurae,</strong></span> <span class='ocrx_word' id='word_1_122' title='bbox 2505 4051 2698 4126; x_wconf 79' lang='lat' dir='ltr'><strong>infra</strong></span> <span class='ocrx_word' id='word_1_123' title='bbox 2727 4051 3476 4148; x_wconf 83' lang='lat' dir='ltr'><strong>tredeoupartientem,</strong></span> <span class='ocrx_word' id='word_1_124' title='bbox 3521 4050 3812 4126; x_wconf 85' lang='lat' dir='ltr'><strong>exhibet</strong></span> <span class='ocrx_word' id='word_1_125' title='bbox 3845 4051 4110 4128; x_wconf 83' lang='lat' dir='ltr'><strong>tabella</strong></span> 
     </span>
     <span class='ocr_line' id='line_1_21' title="bbox 1197 4191 1660 4285; baseline -0.002 -23"><span class='ocrx_word' id='word_1_126' title='bbox 1197 4191 1660 4285; x_wconf 81' lang='lat' dir='ltr'><strong>subsequens.</strong></span> 
     </span>
    </p>

    <p class='ocr_par' dir='ltr' id='par_1_8' title="bbox 1484 4316 4106 5056">
     <span class='ocr_line' id='line_1_22' title="bbox 1593 4316 4106 4416; baseline 0 -22"><span class='ocrx_word' id='word_1_127' title='bbox 1593 4319 1702 4395; x_wconf 89' lang='lat' dir='ltr'><strong>Ut</strong></span> <span class='ocrx_word' id='word_1_128' title='bbox 1760 4321 1822 4392; x_wconf 89' lang='lat' dir='ltr'><strong>si</strong></span> <span class='ocrx_word' id='word_1_129' title='bbox 1878 4319 2200 4392; x_wconf 81' lang='lat' dir='ltr'><strong>radicem</strong></span> <span class='ocrx_word' id='word_1_130' title='bbox 2266 4316 2961 4416; x_wconf 84' lang='lat' dir='ltr'><strong>quintupartientem</strong></span> <span class='ocrx_word' id='word_1_131' title='bbox 3031 4316 3272 4399; x_wconf 88' lang='grc'>16809</span> <span class='ocrx_word' id='word_1_132' title='bbox 3337 4340 3666 4413; x_wconf 80' lang='lat' dir='ltr'><strong>quaeras:</strong></span> <span class='ocrx_word' id='word_1_133' title='bbox 3757 4319 3850 4394; x_wconf 89' lang='lat' dir='ltr'><strong>In</strong></span> <span class='ocrx_word' id='word_1_134' title='bbox 3915 4319 4106 4394; x_wconf 64' lang='lat' dir='ltr'><strong>linea</strong></span> 
     </span>
     <span class='ocr_line' id='line_1_23' title="bbox 1492 4450 4101 4552; baseline -0.002 -23"><span class='ocrx_word' id='word_1_135' title='bbox 1492 4452 2179 4552; x_wconf 84' lang='lat' dir='ltr'><strong>quintuplieatorum</strong></span> <span class='ocrx_word' id='word_1_136' title='bbox 2214 4451 2644 4549; x_wconf 79' lang='lat' dir='ltr'><strong>quaerendus</strong></span> <span class='ocrx_word' id='word_1_137' title='bbox 2684 4461 2792 4525; x_wconf 87' lang='lat' dir='ltr'><strong>est</strong></span> <span class='ocrx_word' id='word_1_138' title='bbox 2830 4450 3112 4526; x_wconf 80' lang='lat' dir='ltr'><strong>oblatus</strong></span> <span class='ocrx_word' id='word_1_139' title='bbox 3154 4475 3518 4536; x_wconf 86' lang='lat' dir='ltr'><strong>numerus,</strong></span> <span class='ocrx_word' id='word_1_140' title='bbox 3567 4462 3695 4525; x_wconf 79' lang='lat' dir='ltr'><strong>aut</strong></span> <span class='ocrx_word' id='word_1_141' title='bbox 3737 4451 3806 4524; x_wconf 89' lang='lat' dir='ltr'><strong>ei</strong></span> <span class='ocrx_word' id='word_1_142' title='bbox 3849 4452 4101 4526; x_wconf 79' lang='lat' dir='ltr'><strong>saltem</strong></span> 
     </span>
     <span class='ocr_line' id='line_1_24' title="bbox 1492 4581 4100 4684; baseline -0 -25"><span class='ocrx_word' id='word_1_143' title='bbox 1492 4584 1819 4684; x_wconf 84' lang='lat' dir='ltr'><strong>proxime</strong></span> <span class='ocrx_word' id='word_1_144' title='bbox 1875 4585 2133 4671; x_wconf 89' lang='lat' dir='ltr'><strong>minor,</strong></span> <span class='ocrx_word' id='word_1_145' title='bbox 2190 4582 2480 4674; x_wconf 76' lang='lat'>168073</span> <span class='ocrx_word' id='word_1_146' title='bbox 2551 4591 2626 4656; x_wconf 89' lang='lat' dir='ltr'><strong>et</strong></span> <span class='ocrx_word' id='word_1_147' title='bbox 2681 4581 2840 4656; x_wconf 83' lang='lat' dir='ltr'><strong>loco</strong></span> <span class='ocrx_word' id='word_1_148' title='bbox 2897 4581 3002 4656; x_wconf 88' lang='lat' dir='ltr'><strong>eis</strong></span> <span class='ocrx_word' id='word_1_149' title='bbox 3059 4581 3330 4656; x_wconf 85' lang='lat' dir='ltr'><strong>directe</strong></span> <span class='ocrx_word' id='word_1_150' title='bbox 3395 4606 3730 4679; x_wconf 90' lang='lat' dir='ltr'><strong>supremo</strong></span> <span class='ocrx_word' id='word_1_151' title='bbox 3785 4583 4100 4681; x_wconf 89' lang='lat' dir='ltr'><strong>reperies</strong></span> 
     </span>
     <span class='ocr_line' id='line_1_25' title="bbox 1487 4713 4094 4817; baseline 0 -27"><span class='ocrx_word' id='word_1_152' title='bbox 1487 4718 1796 4817; x_wconf 80' lang='lat' dir='ltr'><strong>figuram</strong></span> <span class='ocrx_word' id='word_1_153' title='bbox 1848 4716 2245 4816; x_wconf 82' lang='lat' dir='ltr'><strong>quaesitam,</strong></span> <span class='ocrx_word' id='word_1_154' title='bbox 2299 4715 2668 4803; x_wconf 88' lang='lat' dir='ltr'><strong>nimirum,</strong></span> <span class='ocrx_word' id='word_1_155' title='bbox 2729 4715 3050 4790; x_wconf 79' lang='lat' dir='ltr'><strong>radicem</strong></span> <span class='ocrx_word' id='word_1_156' title='bbox 3107 4713 3795 4812; x_wconf 83' lang='lat' dir='ltr'><strong>quintupartientem</strong></span> <span class='ocrx_word' id='word_1_157' title='bbox 3848 4715 4094 4803; x_wconf 77' lang='lat' dir='ltr'><strong>oblati,</strong></span> 
     </span>
     <span class='ocr_line' id='line_1_26' title="bbox 1487 4833 4097 4946; baseline -0.001 -24"><span class='ocrx_word' id='word_1_158' title='bbox 1487 4849 1599 4922; x_wconf 84' lang='lat' dir='ltr'><strong>vel</strong></span> <span class='ocrx_word' id='word_1_159' title='bbox 1664 4848 1906 4923; x_wconf 79' lang='lat' dir='ltr'><strong>oblato</strong></span> <span class='ocrx_word' id='word_1_160' title='bbox 1970 4833 2303 4946; x_wconf 82' lang='lat' dir='ltr'><strong>proximi,</strong></span> <span class='ocrx_word' id='word_1_161' title='bbox 2381 4873 2543 4944; x_wconf 85' lang='lat' dir='ltr'><strong>quae</strong></span> <span class='ocrx_word' id='word_1_162' title='bbox 2609 4859 2717 4921; x_wconf 85' lang='lat' dir='ltr'><strong>est</strong></span> <span class='ocrx_word' id='word_1_163' title='bbox 2771 4858 2854 4936; x_wconf 87' lang='lat'><strong>-7,</strong></span> <span class='ocrx_word' id='word_1_164' title='bbox 2925 4857 3000 4921; x_wconf 88' lang='lat' dir='ltr'><strong>et</strong></span> <span class='ocrx_word' id='word_1_165' title='bbox 3065 4858 3450 4943; x_wconf 86' lang='lat' dir='ltr'><strong>supersunt</strong></span> <span class='ocrx_word' id='word_1_166' title='bbox 3515 4853 3585 4933; x_wconf 72' lang='lat'><strong>2,</strong></span> <span class='ocrx_word' id='word_1_167' title='bbox 3657 4849 4097 4922; x_wconf 76' lang='lat' dir='ltr'><strong>extractione</strong></span> 
     </span>
     <span class='ocr_line' id='line_1_27' title="bbox 1484 4979 1987 5056; baseline 0.002 -4"><span class='ocrx_word' id='word_1_168' title='bbox 1484 4979 1987 5056; x_wconf 78' lang='lat' dir='ltr'><strong>irresolubiles.</strong></span> 
     </span>
    </p>
   </div>
   <div class='ocr_carea' id='block_1_7' title="bbox 4750 4467 4753 5494">
    <p class='ocr_par' dir='ltr' id='par_1_9' title="bbox 4750 4467 4753 5494">
     <span class='ocr_line' id='line_1_28' title="bbox 4750 4467 4753 5494; baseline 0 0"><span class='ocrx_word' id='word_1_169' title='bbox 4750 4467 4753 5494; x_wconf 95' lang='lat' dir='ltr'><strong> </strong></span> 
     </span>
    </p>
   </div>
  </div>
 </body>
</html>
