4842 6219
1231 881 1317 941 42
2163 878 2296 944 DE
2348 878 2614 945 ARTE
2662 876 3233 945 LOGISTICA.

1347 1094 1550 1168 Hinc
1608 1094 1936 1192 sequitur
1991 1096 2336 1172 facillima
2392 1097 2971 1195 quintuplicatio,
3032 1094 3404 1183 nimirum,
3467 1096 3858 1195 decuplum
3918 1097 4161 1196 bipar-

1232 1227 1499 1302 tiend0.
2740 1220 2751 1229 ’

1627 1360 1734 1435 Ut
1759 1358 1905 1434 sint
1927 1360 2372 1449 865091372
2391 1362 3024 1460 quintuplicanda3
3064 1362 3219 1460 ejus
3240 1362 3627 1460 decuplum
3650 1364 3821 1461 (per
3838 1363 4153 1461 primam

1519 1492 1906 1567 sectionem
1939 1492 2194 1593 hujus)
2227 1505 2337 1569 est
2378 1494 2897 1582 8650913720,
2952 1496 3157 1593 cujus
3208 1494 3597 1569 dimidium
3648 1496 4153 1571 4325456860

1517 1636 1627 1701 est
1660 1625 2122 1725 quintuplum
2156 1627 2380 1704 oblati
2411 1626 2751 1702 facillime
2782 1627 3184 1703 inventum.

1317 1892 1414 1966 Et
1447 1902 1719 1978 contra,
1757 1890 1990 1965 facilis
2023 1904 2132 1967 est
2164 1892 2803 1993 quinquepartitiQ
2840 1892 3144 1992 duplum
3174 1892 3765 1991 decupartiendo.

1611 2024 1719 2099 Ut
1779 2022 1925 2098 sint
1989 2026 2491 2102 4325456860
2554 2026 3260 2125 quinquepartienda
3297 2057 3318 2118 ς
3412 2026 3649 2126 primo
3716 2028 4136 2126 duplentur‚

1509 2159 1826 2254 fientque
1879 2155 2431 2251 865091372ος
2496 2159 2761 2235 deinde
2802 2160 2931 2255 (ex
2972 2158 3287 2235 sectione
3332 2168 3381 2234 2
3422 2159 3682 2258 hujus)
3721 2161 4143 2259 partiantur

1503 2316 1637 2389 per
1674 2298 1790 2375 10,
1827 2288 2145 2387 fientque
2182 2292 2649 2380 865091372,
2686 2294 2945 2391 quinta
2973 2318 3145 2391 pars
3179 2293 3403 2369 oblati
3436 2294 3759 2391 quaesita.

1301 2559 1462 2633 Nec
1495 2558 1808 2635 difficilis
1841 2562 1982 2637 erit
2011 2559 2460 2659 nonuplatio,
2504 2583 2891 2635 numerum
2924 2562 2969 2635 ὃ,
3001 2586 3131 2635 suo
3166 2560 3475 2659 decuplo
3508 2558 3943 2651 auferend03
3996 2573 4129 2634 aut

1201 2694 1732 2792 quadruplatiO,
1779 2718 2164 2770 numerum
2208 2696 2253 2768 ὃ,
2293 2720 2427 2768 suo
2467 2693 2851 2792 quintuplo
2893 2693 3429 2783 abstrahend03
3488 2705 3616 2769 aut
3660 2692 4121 2791 sextuplatio,

1195 2851 1578 2900 numerum
1611 2827 1706 2900 ad
1741 2852 1952 2901 suum
1985 2826 2451 2925 quintuplum
2484 2825 2890 2923 adjiciendo
2918 2858 2941 2918 3
2998 2837 3126 2901 aut
3159 2798 3319 2927 ipsa
3350 2823 3699 2925 duplatio,
3735 2850 4124 2901 numerum

1195 2960 1290 3033 ad
1347 2958 1488 3036 sibi
1545 2961 1897 3059 aequalem
1957 2962 2312 3035 addendo.
2448 2958 2822 3057 Siquidem
2878 2960 2994 3034 hae
3051 2960 3707 3058 multiplicationes,
3778 2959 4121 3033 facillimi

1193 3094 1582 3182 additione,
1630 3105 1760 3170 aut
1801 3094 2346 3182 substractione,
2401 3094 2900 3193 perficiuntur.

1291 3228 1542 3326 Atque
1575 3254 1666 3303 ex
1697 3227 1812 3302 his
1845 3255 2119 3315 rursusi,
2157 3227 2378 3302 simili
2409 3227 2777 3314 facilitate,
2807 3227 3115 3303 habetur
3140 3227 3552 3325 triplicatio,
3584 3226 4107 3326 septuplicatio,

1181 3374 1260 3442 ,et
1291 3360 1777 3459 octuplicatio,
1815 3372 2032 3458 atque
2065 3361 2174 3436 ita
2203 3386 2334 3458 per
2365 3385 2613 3434 omnes
2644 3386 2901 3434 novem
2934 3360 3205 3459 figuras
3234 3359 3764 3459 multiplicatio.

1289 3493 1804 3593 Exemplorum
1837 3493 2016 3581 loco,
2053 3494 2202 3568 sint
2231 3493 2718 3592 praecedentia
2748 3506 2824 3569 et
2856 3493 3249 3592 sequentia.

1287 3759 1438 3836 Ubi
1471 3775 1712 3834 autem
1744 3759 2266 3859 multiplicator
2297 3785 2545 3836 omnes
2578 3785 2838 3836 novem
2875 3763 3165 3860 figuras,
3216 3773 3345 3837 aut
3375 3785 3625 3836 earum
3656 3760 4101 3860 potissimam

1181 3905 1484 3992 partem,
1547 3891 1958 3990 complexus
2013 3891 2250 3979 fuerit,
2307 3893 2420 3966 vel
2467 3893 2839 3991 portitoris
2891 3905 3154 3991 quotus
3204 3893 3529 3992 prolixus
3582 3895 3735 3968 fore
3789 3894 4098 3981 videtur,

1177 4040 1473 4129 praestat
1525 4025 2002 4126 singularium
2051 4025 2406 4126 multiplo,
2472 4026 2623 4100 sive
2669 4051 2803 4124 per
2854 4027 3229 4125 praemissa
3270 4027 3721 4125 compendia,
3778 4027 3929 4102 sive
3969 4051 4102 4125 per

1177 4163 1620 4238 additionem
1666 4160 2180 4246 continuatam,
2229 4159 2400 4246 sive,
2446 4159 2771 4234 omnium
2805 4160 3165 4248 facillime,
3209 4184 3345 4258 per
3374 4185 3539 4235 ossa
3571 4159 4100 4259 Rhabdologiae

1171 4308 1456 4383 nostrae,
1505 4295 1950 4392 impromptu
1989 4292 2280 4380 habere,
2331 4303 2571 4392 atque,
2622 4319 2713 4370 ex
2746 4293 2851 4369 eis
2884 4293 2990 4368 sic
3022 4293 3416 4392 acquisitis,
3466 4292 3826 4392 integram
3856 4292 4096 4367 multi·

1171 4429 1634 4529 plicationem
1669 4438 1798 4502 aut
1829 4426 2296 4525 partitionem
2327 4439 2729 4504 contexere.

1571 4561 1697 4648 Ut,
1745 4585 1881 4658 pro
1923 4559 2252 4634 examine
2299 4560 2543 4635 ultimi
2574 4559 2889 4658 exempli
2920 4585 3079 4658 cap.
3114 4559 3207 4634 de
3238 4557 3861 4658 multiplicatione,
3900 4557 4093 4632 vide-

1464 4721 1670 4770 amus
1703 4693 1886 4793 quid
1917 4701 2166 4776 92105
2207 4692 2693 4792 multiplicata
2733 4718 2865 4791 per
2910 4691 3306 4780 86509137
3310 4700 3358 4765 2
3402 4692 3853 4792 producant:
3918 4691 4091 4766 Duc

1463 4853 1638 4926 ergo
1669 4833 1920 4910 92105
1963 4851 2096 4924 per
2141 4833 2212 4912 2,
2267 4833 2340 4912 3,
2383 4834 2456 4911 4,
2512 4835 2583 4913 5,
2632 4824 2700 4912 6,
2744 4837 2817 4915 7,
2868 4832 2937 4912 8,
2986 4832 3057 4912 9,
3102 4823 3254 4900 sive
3300 4851 3435 4922 per
3478 4825 3855 4923 praemissa
3902 4849 4091 4898 com-

1457 4959 1748 5058 pendia,
1797 4957 1947 5032 sive
1994 4982 2126 5055 per
2175 4957 2595 5034 continuam
2647 4957 3091 5033 additionem
3140 4958 3385 5057 simpli
3432 4961 3529 5034 ad
3576 4958 3937 5058 simplum,
3993 4960 4090 5033 ad
