4842 6219
1209 877 1328 938 134
2133 869 2270 938 DE
2319 870 2587 938 ARTE
2636 870 3207 940 LOGISTICA.

1503 1103 1742 1164 ratum
1785 1089 2030 1188 quarti
2071 1089 2212 1164 erit
2245 1087 2396 1179 ΩΒ,
2434 1101 2509 1164 et
2542 1091 2688 1166 duc
2720 1091 2851 1182 Ol}
2882 1092 2963 1166 in
2994 1099 3067 1178 8,
3102 1091 3187 1166 fit
3218 1089 3400 1182 OR3
3464 1103 3683 1190 atque
3718 1093 3849 1183 2131
3886 1109 3963 1170 et
4000 1097 4139 1186 ΟΒ

1499 1235 1668 1299 sunt
1707 1224 2032 1322 ejusdem
2065 1221 2388 1298 ordinis:
2446 1223 2639 1298 unde
2678 1224 2757 1298 in
2796 1223 3153 1298 similibus
3186 1221 3475 1298 ordines
3508 1249 3794 1323 semper
3824 1253 4137 1326 propor-

1505 1355 1808 1430 tionales
1839 1355 2202 1431 dicuntur.

1301 1617 1372 1692 6.
1431 1618 1634 1694 Hinc
1667 1620 1886 1696 etiam
1919 1619 2246 1717 sequitur
2279 1621 2547 1716 (quum
2588 1618 2899 1694 minores
2932 1619 3223 1694 ordines
3254 1619 3609 1717 posterius
3642 1621 4127 1721 collocentur)

1201 1777 1582 1826 numerum
1635 1751 2034 1850 simplicem
2091 1765 2166 1826 et
2217 1751 2629 1826 absolutum
2686 1749 2901 1848 (quia
2956 1761 3065 1824 est
3120 1749 3391 1824 nullius
3450 1750 3739 1848 positivi
3798 1756 4123 1854 ordinis)

1201 1886 1460 1960 ultimo
1501 1885 1822 1960 omnium
1865 1883 2024 1959 loco
2067 1884 2587 1958 collocandum.

1295 2163 1367 2238 7.
1425 2152 1514 2226 In
1567 2151 1980 2250 compositis
2027 2149 2276 2224 mixtis
2313 2149 2437 2222 uel
2486 2149 2807 2246 plurium
2855 2148 3313 2246 positionum,
3372 2164 3549 2247 quot
3600 2151 3873 2226 fuerint
3922 2154 4115 2249 posi-

1197 2285 1428 2357 tiones
1453 2283 1778 2370 diversae,
1809 2294 1918 2356 tot
1939 2282 2314 2381 aggregati
2345 2281 2787 2378 positionum
2816 2279 3266 2356 characteres
3300 2296 3668 2380 ponuntur
3698 2309 3833 2381 pro
3864 2287 4105 2371 rebus,

1195 2441 1322 2488 seu
1375 2439 1620 2488 rerum
1673 2413 1948 2501 ordine,
2007 2439 2094 2488 ac
2147 2425 2254 2488 tot
2305 2413 2533 2488 etiam
2584 2439 2827 2488 rerum
2880 2413 3333 2490 characteres
3384 2415 3465 2488 in
3518 2441 3615 2502 se,
3674 2427 3747 2490 et
3800 2416 4108 2491 invicem

1194 2546 1416 2633 ducti,
1465 2558 1536 2621 et
1579 2546 1977 2646 aggregati,
2023 2545 2302 2620 faciunt
2345 2545 2677 2620 ordinem
2718 2545 3082 2644 integrum
3127 2547 3667 2643 quadratorum,
3714 2573 3800 2622 ac
3838 2550 4107 2648 singuli

1192 2678 1302 2752 illi
1345 2678 1798 2753 characteres
1842 2703 2085 2754 rerum
2129 2676 2210 2752 in
2255 2677 2577 2776 singulos
2614 2677 2747 2752 hos
2788 2677 3305 2775 quadratorum
3337 2678 3562 2766 ducti,
3598 2690 3671 2753 et
3704 2682 4103 2778 aggregati,

1191 2811 1466 2886 faciunt
1497 2811 1864 2910 integrum
1895 2811 2226 2887 ordinem
2259 2811 2630 2898 cuborum,
2666 2822 2743 2884 et
2774 2808 2877 2883 sic
2908 2809 3247 2907 deinceps
3278 2808 3357 2883 in
3390 2809 3777 2884 infinitum.

1591 2945 1698 3020 Ut
1737 2945 1816 3018 in
1859 2943 2859 3040 lQ—-le-l-laQ-l-la—-IS,
2914 2943 3079 3014 duae
3128 2953 3298 3014 sunt
3346 2940 3735 3039 positiones
3774 2941 4101 3030 diversae,

1485 3077 1620 3153 viz.
1653 3077 1724 3153 R
1751 3087 1826 3151 et
1853 3102 1947 3169 ας
2001 3075 2228 3175 igitur
2251 3083 2394 3149 -1
2405 3074 2673 3167 Βμ-Ι-Ια
2702 3098 2835 3172 pro
2860 3072 3115 3149 ordine
3140 3098 3309 3160 uno,
3337 3073 3471 3147 viz.
3500 3099 3745 3149 rerum
3780 3074 4103 3172 ponitur.

1489 3210 1678 3284 Item
1709 3211 1852 3283 duc
1885 3212 2055 3306 (per
2086 3232 2242 3305 cap.
2277 3210 2391 3303 5,)
2426 3204 2743 3298 —R4a
2776 3206 2855 3279 in
2888 3232 2986 3293 se,
3028 3206 3205 3281 fient
3241 3206 3845 3302 -Ι-«ῼ--ΟΒια-θ-θ,
3884 3220 4107 3304 atque

1485 3342 1713 3439 igitur
1751 3339 2416 3435 19-οΒμα-Ι-1αῼ,
2466 3337 2637 3413 licet
2674 3338 2823 3411 sint
2854 3350 3001 3413 tres
3034 3338 3417 3435 simplices,
3454 3338 3773 3412 efficiunt
3804 3338 4107 3415 unicum

1485 3484 1770 3547 tautum
1801 3471 2152 3559 ordinem,
2189 3472 2713 3569 quadratorum
2746 3494 3025 3568 nempe.
3122 3470 3257 3544 Est
3289 3494 3463 3567 ergo
3494 3470 3691 3543 illius
3724 3472 4107 3568 compositi

1481 3602 1603 3675 hic
1646 3602 1829 3676 situs
1873 3614 2113 3675 rectus
2159 3601 2941 3697 lQ-OBfla-l-laQ—l
2952 3601 3435 3694 Βμ-Ι-Ια-Ιὸ.
3540 3600 3775 3677 Simili
3819 3603 4105 3679 ratione

1482 3734 1660 3807 ordo
1691 3732 1988 3807 cubicus
2022 3733 2240 3829 hujus
2274 3734 2585 3831 exempli
2618 3744 2803 3808 esset
2832 3733 2977 3807 hic.
