4842 6219
1667 834 1802 900 DE
1849 835 2118 902 ARTE
2167 835 2743 903 LOGISTICA.
3552 841 3673 905 107

1845 1310 2260 1395 CAPUT
2343 1311 2561 1395 XII.

1181 1567 1300 1626 DE
1341 1564 1976 1626 EXTRACTIONE
2019 1565 2431 1625 RADICUM
2476 1565 2589 1624 EX
2632 1563 3243 1626 PLURINOMIIS.

857 1803 920 1866 1.
959 1793 1638 1867 Pnunmomonum
1666 1791 1998 1888 quaedam
2023 1788 2304 1864 radices
2321 1789 2723 1888 perspicuae
2745 1799 2935 1876 sunt,
2966 1789 3300 1887 quaedam
3320 1790 3665 1864 obscurae.

755 1925 1176 2024 Perspicuas
1218 1924 1546 2012 dicimus,
1605 1948 1768 2020 quae
1810 1949 1958 1998 non
2003 1933 2172 1996 sunt
2215 1923 2447 2021 magis
2492 1921 2933 2020 plurinomia
2976 1923 3192 2019 quam
3235 1947 3323 1997 ea
3361 1947 3671 2020 quorum

752 2071 920 2133 sunt
963 2058 1266 2132 radices·
3256 2047 3263 2052 ¹

850 2201 919 2265 2.
977 2191 1347 2267 Obscurus
1406 2202 1648 2264 autem
1705 2189 1986 2263 radices
2046 2189 2513 2287 appellamus,
2578 2212 2741 2284 quae
2784 2187 3116 2288 plurimis
3160 2186 3553 2261 uninomiis
3598 2201 3672 2262 et

751 2323 1116 2398 radicibus
1155 2322 1756 2422 plurinomiorum
1799 2321 2091 2396 confuse
2133 2321 2560 2418 plerumque
2603 2331 2903 2394 scatent.

851 2463 920 2528 3.
985 2455 1064 2529 Si
1122 2453 1426 2530 binomii
1481 2453 1716 2528 infimi
1773 2453 1998 2528 oblati
2052 2452 2272 2526 fuerit
2325 2449 2777 2526 extrahenda
2827 2451 3041 2526 radix
3094 2453 3508 2549 quadrata;
3584 2479 3673 2525 ex

751 2589 1160 2664 differentia
1217 2590 1736 2687 quadratorum
1797 2587 2174 2684 utriusque
2243 2584 2602 2660 uninomii
2666 2586 2989 2661 radicem
3057 2587 3489 2684 quadratam
3554 2613 3671 2660 ex-

752 2723 979 2810 trahe,
1019 2747 1240 2821 quam
1272 2722 1369 2796 ad
1399 2723 1635 2820 majus
1669 2720 2119 2795 uninomium
2146 2720 2334 2794 adde
2359 2731 2433 2794 et
2458 2721 2552 2794 ab
2578 2721 2830 2794 eodem
2865 2719 3266 2806 substrahe,
3305 2720 3368 2793 si
3402 2720 3675 2796 scilicet

751 2855 1428 2931 commensurabilia
1467 2866 1638 2928 sunt
1680 2854 2046 2953 (alioquin
2086 2853 2282 2929 enim
2315 2853 2456 2928 erit
2488 2853 2700 2928 radix
2734 2853 3041 2953 quaesita
3070 2855 3435 2953 obscura),
3475 2869 3547 2929 et
3581 2858 3675 2929 ab

751 2991 1011 3064 horum
1061 2988 1386 3063 dimidiis
1437 2989 1622 3062 educ
1671 2989 1952 3063 radices
1998 2989 2388 3086 quadratas
2434 2990 2603 3086 (per
2636 2983 2791 3087 cap.
2830 2989 2939 3086 4),
2984 2987 3115 3061 has
3150 2987 3359 3064 binas
3394 2989 3672 3063 radices

751 3134 1095 3197 connecte
1127 3122 1384 3221 copula
1415 3126 1558 3220 qua
1588 3122 1791 3220 prius
1823 3120 2246 3208 binomium,
2294 3133 2368 3195 et
2413 3121 2553 3195 erit
2594 3122 2733 3197 hoc
2772 3120 3173 3196 binomium
3205 3121 3418 3195 radix
3451 3124 3673 3219 quad-

751 3269 914 3329 rata
942 3254 1328 3354 perspicua
1357 3254 1621 3353 prioris
1654 3252 1981 3329 binomii.

1971 3520 2429 3621 Exemplum.

1149 3720 1262 3795 Sit
1319 3718 1769 3795 extrahenda
1823 3718 2034 3793 radix
2093 3721 2452 3819 quadrata
2506 3720 2723 3819 hujus
2780 3720 3085 3797 binomii
3134 3722 3469 3797 defectivi
3520 3730 3670 3796 3—

1045 3850 1241 3948 4195
1271 3882 1292 3944 ;
1358 3853 1716 3950 quadrata
1763 3850 2299 3927 uninomiorum
2349 3864 2521 3929 sunt
2563 3861 2612 3936 9
2658 3862 2733 3928 et
2772 3862 2845 3940 5,
2900 3880 3211 3952 quorum
3258 3854 3669 3929 differentia

1045 3998 1154 4061 est
1199 3996 1270 4073 4,
1323 3986 1538 4061 radix
1581 3987 1937 4085 quadrata
1979 3986 2196 4086 hujus
2239 3986 2669 4062 differentiae
2713 3997 2821 4062 est
2866 3994 2935 4074 Q,
2992 3987 3667 4062 commensurabiles

1046 4120 1142 4193 ad
1173 4126 1222 4193 8
1253 4150 1274 4211 ;
1339 4144 1429 4195 ea
1459 4118 1685 4217 igitur
1717 4126 1768 4193 3
1801 4132 1875 4194 et
1907 4128 1956 4193 2
1991 4120 2200 4207 adde,
2235 4120 2412 4195 fient
2447 4131 2495 4194 5
2527 4152 2550 4211 ;
2614 4132 2687 4194 et
2718 4119 2938 4195 etiam
2972 4121 3351 4196 substrahe
3386 4128 3435 4194 2
3468 4147 3558 4194 ex
3590 4129 3661 4207 3,

1045 4264 1270 4327 restat
1309 4260 1345 4325 1
1381 4283 1402 4342 3
1477 4278 1569 4325 ex
1613 4251 1936 4326 dimidiis
1969 4260 2017 4325 5
2053 4263 2127 4325 et
2165 4261 2200 4325 1
2242 4253 2427 4326 educ
2470 4252 2748 4327 radices
2792 4254 3205 4349 quadratas,
3261 4253 3436 4327 fient
3468 4252 3665 4353 «1ςῇ

1048 4396 1120 4459 et
1175 4385 1394 4484 MQQ,
1458 4409 1638 4481 quas
1697 4394 2039 4458 connecte
2097 4384 2354 4483 copula
2409 4384 2733 4481 pristina,
2797 4385 3115 4482 fientque
3171 4384 3666 4486 xl-QQ—«l-Q}

1046 4516 1258 4589 radix
1309 4516 1668 4613 quadrata
1713 4514 1932 4613 hujus
1981 4514 2284 4590 binomii
2332 4514 2699 4611 8—d-25.
2809 4516 3019 4605 Item,
3074 4518 3167 4592 sit
3216 4517 3665 4593 extrahenda

1044 4648 1257 4723 radix
1303 4650 1661 4747 quadrata
1696 4674 1786 4722 ex
1828 4647 2224 4745 ,Apis-6
2255 4680 2276 4741 3
2341 4649 2556 4722 radix
2588 4650 2947 4747 quadrata
2977 4648 3405 4725 differentiae
3438 4653 3661 4749 quad-

1043 4792 1367 4856 ratorum
1401 4793 1509 4856 est
1541 4782 1618 4863 xl
1627 4782 1682 4876 Q
1696 4789 1808 4867 12,
1847 4807 2010 4879 quae
2046 4780 2298 4855 addita
2329 4792 2402 4855 et
2438 4783 2843 4857 substracta
2875 4784 2970 4857 ad
3002 4794 3077 4856 et
3109 4784 3152 4855 a
3183 4782 3449 4877 «JQ48,
3488 4784 3661 4859 facit

1042 4912 1183 5009 κύρ
1195 4920 1360 5001 108,
1410 4924 1485 4989 et
1514 4913 1595 4998 «l
1600 4915 1657 5009 -Q
1669 4922 1782 5001 12,
1839 4939 2148 5011 quarum
2181 4914 2461 4989 radices
2496 4914 2963 4989 dimidiorum
2996 4916 3351 5013 copulatae
3384 4916 3659 4992 faciunt
