4842 6219
1757 820 1893 887 DE
1945 821 2209 889 ARTE
2259 820 2830 888 LOGISTICA.
3674 824 3757 885 31

837 1040 1321 1127 constituitur,
1357 1039 1554 1115 linea
1581 1040 1776 1115 inter
1809 1066 2170 1115 summum
2201 1052 2276 1116 et
2307 1040 2629 1115 medium
2662 1038 3129 1136 interpositss3
3181 1038 3287 1113 ita
3317 1049 3401 1113 ut
3432 1041 3475 1113 a
3508 1040 3759 1113 dextra

834 1174 1087 1273 figurae
1111 1173 1366 1272 primae
1388 1172 1665 1271 primia
1695 1174 2030 1247 secundae
2056 1173 2409 1261 secundis,
2441 1184 2513 1247 et
2546 1172 2845 1269 reliqum
2868 1171 3186 1270 reliquis,
3216 1170 3489 1247 directe
3514 1198 3755 1271 super-

837 1308 1268 1383 scribantur.
2357 1386 2364 1391 ,
3600 1400 3607 1407 .

937 1439 1312 1538 Operatio,
1343 1450 1618 1527 contra,
1647 1441 1692 1511 ὃ,
1715 1438 2026 1513 sinistris
2051 1438 2418 1537 aptissime
2443 1437 2847 1525 inchoatur,
2878 1447 3007 1511 aut
3031 1437 3095 1511 si
3118 1438 3345 1512 mavis
3378 1440 3421 1511 ὲ
3453 1438 3749 1525 dextris,

834 1573 972 1647 hoc
1004 1584 1370 1670 utcunque
1403 1582 1686 1647 servato
1719 1571 1934 1646 unico
1965 1582 2374 1670 praecepto:

933 1708 1042 1783 Ut
1073 1706 1350 1781 scilicet
1379 1704 1617 1803 figura
1647 1730 1953 1803 quaeque
1985 1704 2304 1792 inferior,
2343 1716 2471 1780 aut
2500 1702 2689 1777 nihil
2722 1702 2847 1778 ubi
2878 1702 3069 1777 nihil
3100 1705 3364 1792 subest,
3392 1730 3483 1780 ex
3508 1731 3751 1805 super-

832 1840 1064 1938 posita
1105 1839 1218 1915 illi
1257 1838 1493 1938 figura
1533 1838 1659 1912 illa
1697 1864 1846 1912 non
1889 1837 2190 1925 minore,
2237 1849 2366 1913 aut
2406 1838 2687 1913 minore
2720 1837 2989 1912 additis
3027 1845 3142 1925 10,
3194 1838 3746 1931 substrahatur3

831 1984 906 2047 et
928 1972 1222 2047 residua
1251 1972 1540 2070 integra
1569 1970 1680 2044 illi
1715 1971 2311 2069 superscribetur,
2341 1970 2404 2045 si
2430 1972 2646 2046 modo
2670 1969 3031 2045 inferioris
3056 1996 3357 2059 summa,
3384 1971 3559 2048 hinc
3583 1974 3751 2048 dex-

833 2116 1146 2179 trorsum
1187 2115 1505 2191 extensa,
1562 2127 1712 2177 non
1763 2101 2048 2177 excedit
2103 2128 2462 2177 summam
2514 2103 2585 2177 ei
2628 2102 3241 2201 superscriptam3
3308 2104 3650 2203 alioquin,
3688 2107 3752 2181 si

831 2238 1134 2325 excedit,
1187 2249 1362 2312 tunc
1391 2236 1696 2336 praefata
1734 2236 2026 2313 residua
2055 2236 2295 2335 figura
2323 2236 2609 2311 minuta
2640 2235 2940 2324 unitate,
2988 2236 3053 2311 si
3094 2236 3192 2311 sit
3233 2263 3598 2326 numerus,
3635 2240 3749 2314 vel

831 2384 1043 2447 aucta
1071 2370 1483 2458 novenario,
1523 2369 1590 2443 si
1619 2370 1715 2444 sit
1748 2379 1819 2457 Ο,
1857 2370 1968 2443 illi
2001 2368 2599 2468 superscribetur.

1229 2506 1337 2581 Ut
1371 2504 1518 2578 sint
1549 2502 1946 2593 47156705
1981 2502 2512 2579 substrahenda
2540 2528 2633 2578 ex
2666 2510 3161 2591 2738154098
3189 2528 3493 2579 numero
3516 2504 3749 2580 minu-

1126 2637 1366 2712 endo:
1431 2635 1544 2712 Sit
1587 2635 1766 2711 situs
1807 2634 2026 2735 hujus
2069 2662 2309 2735 supra,
2359 2636 2557 2711 illius
2600 2634 2815 2723 infra,
2858 2646 2941 2711 ut
2973 2636 3053 2709 in
3086 2636 3435 2735 margine,
3474 2648 3549 2712 et
3580 2638 3748 2713 dex-

1137 2822 1532 2891 2690997393
1653 2766 1850 2841 timae
1894 2765 2233 2842 dextimis
2275 2768 2531 2865 figurae
2570 2766 3095 2865 respondeant:
3153 2767 3469 2843 Proinde
3511 2770 3749 2867 primo

1137 2936 1532 3080 4333334
1649 2897 3144 3128 iffifflffizffiffimimss
3166 2899 3751 3133 ztss’fsssszssz

1125 3165 1482 3241 excedunt
1514 3172 1585 3252 3,
1625 3167 1750 3240 ac.
1785 3163 2314 3263 superscripta3
2369 3175 2445 3239 et
2476 3163 2584 3239 ita
2614 3163 2735 3251 26,
2787 3164 3099 3252 residua,
3142 3175 3313 3239 sunt
3360 3167 3747 3264 superscri-

1123 3299 1363 3374 benda
1408 3298 1774 3397 prioribus
1824 3304 1921 3385 27
1951 3329 1973 3390 ;
2037 3297 2301 3372 deinde
2343 3298 2551 3372 aufer
2591 3306 2643 3373 4
2686 3322 2779 3372 ex
2823 3304 2894 3385 8,
2943 3297 3213 3372 additis
3257 3308 3499 3374 tamen
3542 3300 3747 3399 prius

1123 3431 1238 3506 his
1277 3439 1392 3519 10,
1449 3442 1532 3505 ut
1573 3439 1626 3505 4
1667 3431 1838 3505 inde
1883 3429 2152 3505 auferri
2201 3430 2501 3530 possint,
2556 3441 2631 3505 et
2683 3441 3070 3529 supersunt
3118 3439 3189 3519 9,
3252 3457 3415 3530 quoe
3474 3435 3746 3533 absque

1121 3565 1520 3640 minutione
1565 3575 1734 3640 sunt
1777 3564 2379 3663 superscribenda
2415 3563 2671 3652 tribue,
2722 3564 2898 3662 quia
2928 3574 2978 3653 7
3012 3564 3297 3641 minora
3326 3578 3497 3642 sunt
3529 3571 3745 3665 quim

1123 3706 1169 3772 8
1199 3728 1222 3790 3
1276 3698 1542 3773 deinde
1573 3698 1780 3773 aufer
1809 3709 1860 3788 7
1893 3723 1986 3774 ex
2019 3705 2089 3786 8,
2139 3709 2463 3773 remanet
2495 3697 2735 3774 unitas
2771 3697 3049 3774 unitate
3080 3697 3495 3788 minuenda,
3534 3712 3607 3776 et
3640 3701 3747 3777 ita

1121 3840 1174 3906 0
1203 3842 1313 3906 est
1345 3831 2045 3930 superscribendum,
2095 3830 2272 3930 quia
2312 3830 2767 3907 dextrorsum
2811 3830 2975 3919 156,
3026 3833 3152 3906 διο.
3198 3811 3598 3932 exuperant
3640 3834 3743 3908 eis

1119 3963 1570 4064 superposita
1607 3973 1772 4052 154,
1810 3967 1934 4039 διο.
1965 3995 1989 4056 3
2052 3964 2316 4040 deinde
2361 3964 2732 4040 auferatur
2769 3974 2805 4038 1
2846 3965 2941 4042 ab
2980 3973 3044 4052 1,
3095 3977 3420 4040 remanet
3452 3975 3551 4058 03
3614 3969 3743 4042 sed

1120 4099 1298 4196 quia
1343 4098 1720 4196 sequentia
1759 4097 1880 4186 56,
1930 4099 2054 4173 διο.
2107 4108 2506 4195 exuperant
2556 4097 3009 4196 superposita
3047 4105 3167 4184 54«,
3213 4099 3361 4185 δια,
3414 4097 3577 4173 ideo
3608 4124 3743 4197 pro

1119 4240 1189 4318 Ο,
1229 4239 1278 4314 9
1311 4241 1482 4305 sunt
1513 4230 2156 4330 superscribenda3
2209 4229 2542 4304 similiter
2576 4230 2780 4303 aufer
2812 4239 2862 4306 5
2895 4255 2985 4304 ex
3018 4239 3089 4317 5,
3124 4241 3449 4328 superest
3472 4240 3543 4318 Ο,
3573 4245 3741 4306 sunt

1115 4389 1290 4462 ergo
1326 4371 1375 4446 9
1419 4363 2041 4462 superscribenda,
2089 4361 2265 4461 quia
2295 4361 2346 4436 6
2379 4372 2779 4459 exuperant
2810 4370 2860 4435 4
2893 4361 3429 4461 superscripta3
3487 4363 3658 4438 inde
3694 4367 3741 4439 6

1117 4520 1208 4570 ex
1253 4503 1346 4572 14
1391 4497 1617 4584 aufer,
1667 4507 1964 4570 manent
2009 4501 2078 4581 8,
2127 4493 2362 4570 scribe
2402 4504 2691 4567 tantum
2720 4503 2793 4582 7,
2841 4492 3017 4592 quia
3046 4476 3381 4593 'subjecta
3420 4497 3660 4596 figura
3690 4509 3740 4586 7

1115 4629 1398 4704 excedit
1428 4638 1480 4704 Ο
1513 4627 2040 4728 superpositum
2085 4627 2156 4702 ei
2183 4657 2206 4718 3
2261 4626 2525 4700 deinde
2558 4626 2763 4700 aufer
2794 4637 2845 4715 7
2878 4627 2921 4700 a
2958 4634 3074 4714 10,
3112 4640 3487 4703 remanent
3520 4635 3591 4717 3,
3630 4631 3737 4706 in-

1115 4773 1314 4860 tegre
1347 4761 1966 4861 supemcribenda,
2011 4759 2190 4860 quia
2219 4760 2623 4859 subjectum
2656 4767 2708 4835 Ο
2738 4759 2979 4834 minus
3012 4771 3125 4835 est
3158 4763 3375 4858 quam
3408 4771 3458 4848 9
3492 4790 3735 4863 super-

1113 4894 1431 4993 scripta;
1487 4894 1750 4970 deinde
1783 4894 1988 4971 aufer
2020 4903 2073 4968 Ο
2103 4919 2194 4969 ex
2227 4901 2298 4982 9,
2347 4903 2623 4968 restant
2667 4900 2739 4980 9,
2793 4893 3073 4992 integre
3114 4895 3733 4993 superscribenda,
