4842 6219
1439 1696 1952 1812 LIBER
2061 1694 2968 1813 SECUNDUS.

1208 2022 1367 2098 DE
1474 2018 2166 2097 LOGISTICA
2267 2016 3214 2101 ARITHMETICA.

1926 2656 2342 2741 CAPUT
2423 2658 2490 2740 Ι.

1112 2930 1231 2990 DE
1273 2928 1877 2991 INTEGRORUM
1924 2927 2566 2989 NOMINATIONE
2608 2929 2720 2988 ET
2765 2929 3316 2991 NOTATIONE.

851 3183 1277 3257 HACTENUS
1328 3179 1895 3278 computationes
1946 3176 2438 3276 quantitatum
2487 3179 2820 3256 omnibus
2860 3181 3247 3280 Logistieae
3291 3185 3663 3283 speciebus

746 3314 1279 3406 communium;
1334 3323 1736 3410 sequuntur
1766 3311 2248 3418 propriarum.

844 3577 1127 3665 Tertib,
1170 3576 1439 3674 itaque,
1478 3575 2043 3674 computationes
2087 3575 2203 3651 vel
2244 3585 2415 3650 sunt
2458 3575 3038 3666 verinomiarum,
3083 3580 3200 3656 vel
3239 3581 3661 3658 fictinomia-

742 3737 907 3785 rum
954 3736 1087 3786 seu
1128 3708 1753 3810 hypotheticarum
1800 3708 2313 3806 quantitatum.
2418 3708 2638 3783 Unde
2671 3709 3046 3809 Logistiea
3079 3714 3192 3787 vel
3233 3725 3343 3788 est
3382 3715 3660 3790 verino-

742 3845 1075 3932 miarum,
1098 3845 1193 3920 de
1218 3843 1481 3942 quibus
1506 3843 1673 3918 Lib.
1704 3842 1814 3916 II.
1841 3853 1916 3917 et
1944 3825 2141 3934 111.;'
2183 3842 2295 3916 vel
2318 3842 2880 3918 fictinomiarum
2906 3871 3034 3920 seu
3057 3845 3652 3944 algebraicarum,

742 3979 835 4052 de
866 3977 1131 4076 quibus
1164 3975 1335 4051 Lib.
1372 3975 1512 4050 IV.
1550 3984 1827 4072 agetur.

840 4107 1285 4185 Verinomiae
1316 4117 1486 4185 sunt
1519 4106 1960 4204 quantitates
2002 4105 2191 4180 veris
2232 4107 2646 4183 nominibus
2691 4107 3028 4195 definitae,
3079 4110 3364 4206 quibus,
3415 4121 3654 4206 quotae

740 4242 884 4316 sint
914 4238 1401 4326 multitudine,
1441 4239 1557 4314 vel
1586 4245 1877 4336 quantae
1910 4238 2056 4340 sint
2084 4239 2607 4337 magnitudine,
2645 4241 3068 4338 explicatur.

840 4373 1283 4450 Verinomiae
1334 4384 1461 4447 aut
1510 4385 1679 4445 sunt
1722 4371 2051 4444 di'scretae
2092 4395 2391 4445 numero
2435 4371 2768 4458 discreto,
2806 4384 2934 4446 aut
2966 4383 3319 4447 coneretae
3350 4399 3651 4449 numero

738 4518 1071 4582 concreto
1100 4505 1510 4581 nominatae.

835 4638 1077 4724 Unde,
1148 4636 1521 4735 Logistica
1584 4633 2145 4709 verinomiarum
2210 4633 2323 4707 vel
2398 4648 2508 4709 est
2585 4633 3059 4710 discretarum
3133 4637 3640 4733 quantitatum,

733 4795 895 4867 quae
938 4767 1426 4844 Arithmotiea
1472 4767 1762 4854 dieitur,
1817 4767 1911 4842 de
1960 4770 2104 4864 qua
2144 4766 2284 4842 hoc
2330 4765 2497 4843 Lib.
2539 4767 2645 4841 II.
2675 4799 2695 4858 ;
2751 4767 2866 4841 vel
2909 4779 3425 4858 concretamm,
3481 4797 3644 4869 quae

734 4902 1217 4989 Geometriea,
1253 4903 1345 4976 de
1380 4905 1523 4999 qufi
1554 4900 1719 4976 Lib.
1758 4899 1915 4974 III.
1950 4909 2223 4998 agetur.
