4842 6219
1129 850 1212 911 30
2056 842 2192 909 DE
2241 842 2511 909 ARTE
2557 842 3131 909 LOGISTICA.

1133 1065 1408 1163 figuris,
1477 1064 1542 1138 si
1598 1088 1761 1161 quae
1822 1062 1986 1150 sint,
2047 1062 2288 1137 animo
2344 1062 2782 1137 reconditis:
2866 1062 2965 1138 Et
3010 1061 3171 1139 haec
3218 1064 3543 1161 operatio
3590 1065 3669 1141 in
3721 1066 4049 1140 ultimam

1135 1198 1458 1273 omnium
1490 1198 1800 1295 figuram
1833 1196 2228 1295 repetenda
2257 1207 2385 1271 est.
2890 1192 2897 1201 ’

1235 1330 1595 1417 Tertium,
1627 1340 1712 1404 ιιι
1734 1329 1972 1404 ultimi
1993 1329 2136 1403 loci
2159 1329 2433 1428 figurae,
2460 1354 2625 1403 cum
2648 1329 3031 1405 novissime
3058 1329 3298 1404 animo
3324 1331 3735 1419 reconditis,
3761 1332 3863 1429 (si
3888 1359 4053 1430 quae

1133 1466 1314 1563 sint)
1347 1463 1425 1538 in
1459 1488 1681 1538 unam
1715 1488 2068 1537 summam
2099 1462 2438 1549 collectae,
2476 1462 2636 1537 loca
2668 1462 3025 1537 sinistima
3056 1464 3483 1562 compleant.

1531 1598 1638 1673 Ut
1671 1597 2005 1694 quintum
2039 1607 2257 1695 caput
2291 1596 2661 1671 Geneseos
2692 1596 2987 1671 exhibet
3020 1622 3245 1671 annos
3288 1598 3333 1669 ὃ,
3374 1598 3737 1672 creatione
3774 1598 4052 1675 Adami

1429 1743 1502 1807 et
1549 1730 1808 1805 mundi
1857 1736 2000 1807 130
2043 1731 2138 1804 ad
2183 1728 2463 1821 Sheth;
2536 1730 2709 1805 hinc
2756 1738 2899 1804 105
2944 1732 3041 1804 ad
3084 1730 3397 1817 Enosch‚
3446 1731 3620 1806 binc
3653 1732 3750 1806 ed
3788 1732 4050 1809 Kenan

1489 1941 1601 1997 130
1722 1872 1842 1951 90,
1890 1862 2064 1937 hinc
2097 1865 2192 1938 ad
2227 1862 2740 1938 Mehalalelem
2770 1872 2893 1951 70,
2940 1864 3035 1937 ad
3066 1862 3291 1940 Jered
3322 1862 3419 1937 65
3456 1888 3703 1951 annos,
3748 1864 3923 1939 hinc
3954 1868 4051 1943 ad

1489 2020 1598 2077 105
1725 1995 2034 2071 Henoch
2075 1994 2240 2083 162,
2289 1995 2463 2069 inde
2508 1996 2603 2069 ad
2650 1994 3161 2071 Methuselach
3206 1996 3325 2084 65,
3376 1997 3473 2071 ed
3518 1996 3841 2072 Lamech
3880 2006 4045 2089 187,

1520 2100 1602 2239 ,³7³8
1720 2128 1893 2211 binc
1927 2130 2024 2203 ad
2051 2140 2306 2203 natum
2337 2128 2559 2205 Noah
2600 2135 2764 2216 182,
2804 2131 2846 2202 ὲ
2876 2141 3051 2205 nato
3083 2130 3303 2207 Noah
3338 2132 3435 2204 ad
3466 2127 3759 2205 initium
3792 2132 4051 2209 diluvii

1488 2254 1600 2393 133
1724 2262 1892 2337 600.
1997 2261 2394 2349 Quaeritur,
2440 2262 2557 2335 his
2588 2264 2743 2361 jam
2777 2262 3069 2351 additis,
3108 2288 3391 2339 summa
3420 2290 3777 2339 annorum
3809 2267 3854 2338 ὃ,
3884 2290 4047 2340 con-

1523 2410 1598 2472 65
1721 2396 1876 2470 dito
1909 2396 2082 2469 orbe
2117 2396 2213 2469 ad
2243 2394 2655 2469 diluvium?
2760 2395 2967 2469 Anni
3009 2419 3183 2494 ergo
3224 2422 3469 2471 omnes
3506 2408 3708 2471 recto
3748 2398 3917 2487 situ,
3967 2412 4051 2476 ut

1489 2490 1602 2629 {g}
1722 2532 1764 2603 ὲ
1795 2528 2142 2627 margine,
2171 2526 2705 2602 constituantur
2728 2557 2749 2618 3
2803 2526 2995 2614 inde,
3024 2526 3283 2625 primo,
3314 2529 3651 2605 dextimae
3676 2556 3805 2605 seu
3828 2531 4050 2629 primi

1442 2648 1606 2747 399
1723 2660 1864 2735 loci
1895 2661 2147 2758 figurae
2179 2669 2249 2746 5,
2280 2669 2351 2745 5,
2382 2666 2452 2745 2,
2482 2668 2554 2747 5,
2582 2668 2655 2747 7,
2694 2666 2765 2745 2,
2802 2659 3186 2748 addantur,
3224 2672 3297 2736 et
3327 2662 3504 2736 fient
3538 2661 3687 2755 26;
3744 2666 4049 2740 subscri-

1450 2760 1603 2823 1656
1722 2796 1988 2869 bantur
2015 2792 2062 2867 6
2087 2793 2380 2879 directe,
2418 2800 2467 2865 2
2493 2804 2733 2866 autem
2765 2792 2843 2865 in
2876 2804 3115 2866 mente
3148 2805 3602 2869 reserventur
3628 2827 3651 2888 ;
3706 2799 4043 2884 secundo,

1432 2927 1590 3005 haec
1623 2936 1674 3003 2
1708 2954 1857 3003 una
1887 2952 2052 3003 cum
2085 2926 2385 3001 secundi
2414 2926 2558 3000 loci
2588 2926 2842 3025 figuris
2884 2932 2956 3014 3,
3004 2934 3075 3013 9,
3118 2936 3191 3015 7,
3243 2925 3312 3014 6,
3359 2926 3433 3017 6,
3482 2927 3552 3017 6,
3602 2936 3670 3017 8,
3712 2936 3779 3017 8,
3832 2932 4040 3018 adde,

1429 3064 1605 3138 fient
1659 3072 1778 3151 55,
1829 3088 2140 3161 quorum
2189 3059 2505 3160 priorem
2552 3070 2801 3135 notam
2852 3069 2901 3134 5
2960 3058 3215 3148 scribe,
3278 3062 3747 3159 posteriorem
3805 3075 4047 3140 mente

1429 3221 1766 3289 reserva3
1831 3197 2068 3283 tertio,
2124 3195 2320 3270 hunc
2369 3204 2811 3270 reservatum
2860 3193 3299 3292 quinarium,
3346 3220 3494 3270 una
3534 3223 3701 3271 cum
3748 3206 3814 3285 1,
3867 3208 3932 3286 1,
3976 3208 4039 3286 1,

1437 3338 1500 3416 1,
1555 3339 1619 3416 1,
1672 3328 1740 3415 6,
1790 3329 2028 3403 ultimi
2071 3326 2213 3401 loci
2251 3326 2525 3425 figuris,
2580 3327 2789 3413 adde,
2847 3327 3023 3401 fient
3074 3326 3187 3414 16,
3246 3352 3409 3425 quae
3458 3325 3651 3403 Iocis
3672 3328 4047 3406 sinistimis

1432 3471 1816 3558 ponantur,
1864 3461 2090 3556 fitque
2133 3469 2287 3532 tota
2327 3483 2612 3532 summa
2652 3457 2864 3532 1656.

1234 3723 1564 3810 Additio,
1630 3735 1891 3808 tamen,
1953 3720 2242 3821 proprie
2313 3732 2421 3796 est
2487 3722 2795 3796 duorum
2852 3747 3336 3810 numerorum,
3406 3734 3489 3798 ιιι
3554 3723 3815 3799 tertius
3873 3725 4045 3799 inde

1131 3859 1593 3957 producatur.
1741 3889 1750 3900 ·

1979 3989 2087 4064 Ut
2143 3988 2290 4062 sint
2347 3987 2665 4062 addendi
2724 3988 3071 4076 9754862
3122 3999 3342 4088 atque
3392 3989 3739 4083 863556;
3801 3991 3903 4078 hi,
3954 4019 4045 4066 ex

1481 4114 1759 4256 932322}
1879 4120 2366 4221 superioribus
2418 4119 2817 4219 praeceptis,
2873 4123 3284 4219 producunt
3336 4133 3567 4213 totum
3626 4123 4035 4212 10618418,

1447 4308 1759 4369 10618418
1877 4254 2023 4330 situ
2073 4281 2218 4352 quo
2267 4256 2310 4326 ὲ
2355 4251 2706 4351 margine.
2814 4253 3061 4352 Hujus
3110 4279 3411 4330 examen
3464 4254 3691 4332 habes
3744 4256 3821 4330 in
3880 4259 4041 4332 sub-

1880 4387 2266 4463 stractione
2299 4397 2663 4484 sequente.

1232 4657 1324 4730 In
1374 4655 1898 4731 substractione
1947 4665 2055 4730 est
2103 4654 2304 4740 situs,
2361 4664 2436 4729 et
2484 4653 2827 4751 operatio.

1231 4788 1447 4875 Situs,
1521 4799 1602 4862 ιιι
1659 4788 1738 4861 in
1796 4787 2187 4874 additione,
2259 4789 2302 4858 ὲ
2362 4785 2637 4860 dextris
2695 4785 3001 4883 incipit.;
3084 4785 3596 4860 substrahendi
3662 4799 3903 4862 autem
3970 4798 4044 4862 et

1130 4920 1505 4995 minuendi
1558 4920 1794 4994 minor
1849 4919 2098 4994 infimo
2161 4918 2340 5005 1000,
2407 4919 2637 5015 major
2693 4916 2933 4993 medio
2994 4916 3172 5005 loco,
3242 4928 3317 4994 et
3372 4917 3705 4994 residuus
3764 4946 4045 4996 summo
