4842 6219
1667 842 1807 907 DE
1850 840 2118 909 ARTE
2164 838 2741 909 LOGISTICA.
3581 844 3666 911 35,

843 1065 1189 1151 Primum,
1238 1074 1321 1137 ut
1366 1072 1599 1137 totum
1640 1062 2273 1161 multiplicandum
2305 1063 2478 1160 (per
2509 1062 2664 1160 jam
2701 1058 3116 1159 praemissa)
3142 1057 3662 1158 multiplicetur

740 1202 823 1275 in
840 1224 1213 1297 ‘quamque
1246 1199 1557 1297 figuram
1588 1196 2161 1295 multiplicantia,
2216 1196 2365 1271 sive
2398 1199 2442 1269 a
2475 1193 2771 1279 dextriS,
2809 1193 2958 1267 sive
2993 1190 3304 1267 sinistris
3337 1193 3658 1293 incipere

740 1333 1055 1409 libuerit.
2136 1430 2143 1436 ι

839 1466 1273 1552 Secundum,
1346 1476 1429 1539 ut
1494 1466 1845 1562 cujusque
1900 1464 2155 1561 figurae
2211 1462 2627 1559 multiplum
2683 1460 2947 1535 habeat
3005 1484 3210 1533 suam
3268 1461 3662 1535 dextimam

738 1601 1047 1699 figuram
1104 1599 1377 1673 directe
1436 1608 1759 1672 notatam
1818 1598 1958 1671 sub
2010 1596 2247 1693 figma
2299 1593 2847 1692 multiplicante,
2919 1602 2993 1665 et
3051 1604 3346 1667 caeteras
3407 1596 3660 1669 ordine

740 1724 1231 1808 sinistrorsum
1266 1740 1663 1831 sequentes·

838 1865 1177 1939 Tertium
1226 1874 1669 1963 praeceptum
1712 1873 1840 1949 est,
1901 1873 1982 1936 ut
2024 1862 2159 1937 sub
2201 1859 2318 1934 his
2360 1859 2922 1957 particularibus
2964 1857 3316 1957 multiplis
3349 1861 3658 1935 ducatur

737 1998 883 2073 alia
923 1998 1138 2085 linea,
1196 2008 1413 2094 atque
1458 1996 1703 2071 omnia
1742 1995 2078 2094 multipla
2118 1995 2196 2069 in
2243 2020 2472 2069 unum
2513 2005 2984 2093 aggregatum
3022 1994 3405 2081 addantur,
3463 1998 3660 2092 quod

738 2132 1033 2229 quidem
1074 2132 1215 2207 erit
1256 2131 1477 2205 totale
1520 2128 1955 2228 multiplum,
2014 2142 2089 2205 et
2130 2128 2516 2227 quaesitum
2557 2128 2779 2205 totius
2821 2128 3444 2226 multiplicationis
3493 2156 3654 2229 pro-

736 2267 1057 2342 ductum.
1226 2318 1235 2327 -

1138 2399 1247 2474 Ut
1270 2398 1367 2471 sit
1388 2398 1801 2496 praecedens
1819 2422 2161 2472 numerus
2184 2396 2634 2485 865091372
2651 2395 3245 2494 multiplicandus
3265 2397 3344 2473 in
3365 2408 3648 2483 92105:

1034 2530 1522 2618 Colloeentur,
1552 2531 1895 2607 utrolibet
1918 2531 2087 2618 situ,
2118 2542 2201 2605 ut
2222 2532 2267 2603 ὲ
2288 2530 2620 2629 margine
2643 2561 2666 2623 3
2713 2530 2976 2605 deinde
3001 2532 3046 2605 ὃ,
3068 2532 3320 2629 quovis
3345 2533 3652 2608 termino

1246 2742 1602 2811 865091372
1720 2665 2269 2764 multiplicantis
2321 2664 2584 2762 incipe,
2641 2664 2790 2740 sive
2850 2665 3106 2741 dextro
3159 2666 3308 2741 sive
3361 2667 3654 2741 sinistro

1404 2826 1599 2890 92105
1722 2798 2025 2889 ordine;
2080 2797 2391 2895 exempli
2423 2797 2680 2895 gratia,
2727 2801 2772 2871 ὁ,
2811 2798 3118 2873 dextro:
3185 2800 3360 2875 Duc
3405 2798 3652 2897 itaque

1166 2928 1603 3075 8333ngOE
1722 2940 1955 3006 totum
1975 2929 2608 3028 multiplicandum
2627 2956 2758 3028 per
2776 2940 2825 3004 5
2841 2961 2862 3021 ;
2891 2931 3090 3017 fient,
3103 2957 3234 3028 per
3253 2933 3646 3029 praemissa,

1090 3086 1479 3155 1730182744
1721 3060 2238 3150 4325456860,
2299 3087 2462 3159 quae
2521 3061 2628 3136 ita
2683 3062 3010 3137 locentur
3063 3074 3146 3136 ut
3197 3063 3435 3162 figura
3485 3067 3654 3141 dex-

1042 3169 1601 3340 {3333oeoe
1720 3195 1903 3270 tima
1932 3204 1983 3269 Ο
2016 3197 2151 3270 sub
2182 3195 2416 3294 figura
2447 3195 2974 3294 multiplicante
3017 3206 3066 3270 5
3113 3196 3384 3272 directe
3431 3211 3651 3273 statu.

1722 3338 1907 3414 atur,
1948 3326 2227 3402 caeteris
2262 3327 2754 3403 sinistrorsum
2787 3330 3300 3426 sequentibus:
3361 3331 3644 3418 deinde,

1032 3463 1227 3538 idem
1282 3462 1910 3561 multiplicandum
1966 3488 2098 3562 per
2156 3472 2227 3550 O,
2287 3464 2486 3560 quod
2541 3463 2732 3538 nihil
2783 3476 2913 3552 est,
2969 3465 3514 3564 multiplicetur,
3580 3480 3652 3542 et

1030 3596 1221 3670 nihil
1256 3589 1627 3694 proueniet
1658 3627 1679 3687 ;
1734 3595 1942 3683 nihil,
1991 3621 2186 3694 ergo,
2241 3595 2459 3694 hujus
2501 3596 3142 3695 multiplicationi&
3191 3600 3431 3673 notari
3471 3626 3650 3699 opus

1030 3729 1299 3806 hahet:
1356 3728 1685 3826 sequitur
1723 3727 2351 3828 multiplicandum
2394 3755 2526 3827 per
2581 3738 2618 3802 1
2669 3731 2986 3822 ducere;
3043 3733 3418 3829 proveniet
3455 3733 3649 3820 idem

1028 3889 1123 3938 ex
1170 3863 1447 3950 eodem,
1519 3862 2177 3951 110866091872,
2232 3889 2540 3962 quarum
2593 3865 2992 3964 figurarum
3045 3865 3367 3941 dextima
3415 3875 3464 3942 2
3515 3869 3660 3944 sub

1028 4003 1159 4072 sua
1186 3996 1713 4095 multiplicante
1746 3997 1980 4096 figura
2008 4005 2045 4072 1
2078 3999 2484 4086 collocetur,
2513 3998 2794 4076 caeteris
2825 3999 3316 4074 sinistrorsum
3351 4025 3646 4097 sequen-

1028 4131 1271 4206 tibus:
1332 4131 1594 4206 deinde
1644 4130 1837 4206 idem
1886 4132 2520 4231 multiplicandum
2552 4133 2983 4231 duplicetur,
3022 4159 3150 4208 seu
3181 4159 3314 4231 per
3347 4143 3395 4207 2
3429 4136 3644 4209 duca-

1028 4276 1171 4352 tur,
1223 4276 1298 4340 et
1335 4265 1511 4342 fient
1550 4272 1783 4353 17801
1796 4271 2062 4354 82744,
2112 4291 2416 4362 quarum
2463 4265 2644 4340 situs
2691 4265 2994 4363 incipiat
3042 4268 3178 4341 sub
3227 4292 3359 4341 suo
3405 4268 3644 4341 multi-

1026 4397 1341 4496 plicante
1366 4406 1437 4484 2,
1474 4408 1549 4474 et
1580 4397 1752 4474 inde
1784 4397 2276 4473 sinistrorsum
2300 4398 2872 4496 progrediendo:
2923 4398 3184 4475 deinde
3209 4409 3440 4475 totum
3463 4401 3645 4476 mul-

1028 4531 1503 4629 tiplicandum
1527 4532 1671 4606 duc
1692 4531 1773 4606 in
1798 4539 1847 4614 9
1872 4563 1893 4623 3
1949 4532 2125 4606 fient
2148 4538 2668 4619 778582‘2348,
2699 4557 2883 4629 quae,
2914 4535 3052 4608 sub
3076 4540 3123 4616 9
3149 4531 3328 4608 situs
3351 4533 3644 4608 initium
3727 4571 3734 4577 ·

1025 4662 1393 4752 habentes,
1442 4664 1615 4739 hinc
1646 4665 1901 4740 ordine
1932 4665 2313 4739 laevorsum
2343 4676 2735 4740 notentur:
2791 4665 3146 4753 Tandem,
3187 4667 3430 4740 omnia
3461 4667 3642 4740 invi-

1024 4825 1180 4874 cem
1207 4797 1681 4898 particularia
1709 4799 2061 4898 multiple,
2089 4799 2301 4874 lineis
2326 4799 2737 4887 interclusa,
2767 4800 2974 4888 adde,
3005 4827 3091 4876 eo
3124 4826 3340 4897 quem
3372 4801 3643 4882 habent

1026 4930 1191 5018 situ,
1242 4942 1316 5005 et
1358 4933 1537 5007 fient
1577 4933 2023 5021 796792408
2036 4933 2297 5022 18060,
2336 4959 2472 5032 pro
2514 4933 2868 5032 completo
2919 4946 2994 5012 et
3050 4935 3350 5032 quaesito
3403 4935 3640 5012 multi-
