4842 6219
1152 824 1236 891 54
2072 828 2207 894 DE
2256 822 2522 896 ARTE
2573 818 3140 899 LOGISTICAa

1256 1045 1453 1119 Situs
1522 1057 1652 1131 est,
1723 1055 1805 1120 ut
1870 1048 2004 1121 sub
2070 1046 2393 1121 radicato
2459 1047 2700 1122 oblato
2765 1050 2928 1121 duae
2995 1049 3352 1123 ducantur
3410 1048 3620 1123 lineae
3675 1042 4060 1148 parallelis,

1154 1202 1462 1271 quarum
1508 1177 1967 1251 intervallum
2016 1177 2113 1251 sit
2160 1177 2426 1252 radicis
2478 1178 2794 1275 quaesitae
2843 1202 3098 1275 capax,
3153 1178 3344 1253 inter
3392 1203 3594 1276 quas,
3647 1183 3784 1255 sub
3833 1182 4064 1281 figur-fi

1150 1308 1417 1383 radicis
1470 1308 1807 1396 dextimfi,
1866 1309 2191 1407 signetur
2246 1322 2646 1407 punctum3
2725 1310 2992 1386 abhinc
3049 1321 3292 1385 autem
3347 1310 3860 1399 sinistrorsum,
3921 1316 4057 1387 sub

1148 1441 1461 1515 secunde
1504 1446 1785 1539 qusque
1826 1441 2061 1539 figure,
2103 1466 2237 1540 pro
2280 1440 2524 1516 radice
2566 1441 3024 1539 bipartiente,
3071 1452 3145 1515 et
3187 1443 3323 1518 sub
3366 1442 3580 1517 tertia
3612 1448 3892 1542 qufique
3923 1470 4060 1544 pro

1148 1572 1622 1671 tripertiente,
1680 1584 1753 1648 et
1806 1574 1941 1647 sub
1994 1572 2246 1669 quinta
2298 1576 2578 1671 qusque
2629 1598 2764 1671 pro
2817 1572 3456 1671 quintupartiente,
3511 1578 3660 1663 &c.,
3713 1588 4055 1653 notentur

1142 1717 1431 1802 puncta.

1245 1837 1335 1912 In
1390 1838 1545 1913 haec
1596 1850 1886 1936 puncta,
1946 1838 2136 1913 inter
2190 1836 2417 1912 lineus
2475 1837 2730 1934 posita,
2792 1838 3064 1911 cadunt
3113 1837 3366 1935 figurae
3425 1838 3726 1937 singulm
3781 1840 4050 1915 radicis

1140 1970 1476 2067 quaesitae.

1240 2235 1703 2334 operationis
1738 2246 1979 2309 autem
2014 2236 2159 2307 duo
2192 2244 2359 2309 sunt
2390 2244 2774 2332 praecepta.

1238 2368 1589 2459 Primum,
1646 2378 1727 2441 ut
1776 2370 1818 2440 a
1864 2366 2137 2465 figuris,
2192 2366 2271 2440 in
2322 2366 2694 2440 sinistrum
2741 2379 3092 2465 punctum
3139 2367 3712 2455 terminantibuS,
3758 2371 4040 2447 auferas

1131 2500 1537 2574 radicatum
1568 2498 1951 2598 propositze
1983 2498 2267 2598 speciei,
2296 2498 2375 2572 in
2408 2498 2654 2573 tabulfi
2687 2500 2998 2573 secunda
3027 2498 3359 2586 inventae,
3395 2502 3614 2596 quum
3645 2502 4040 2577 maximum

1132 2634 1415 2709 auferre
1462 2631 1751 2731 poteriS,
1812 2632 2079 2707 notatis
2129 2657 2351 2730 supra
2396 2631 2744 2730 reliquiis,
2806 2643 2880 2706 et
2927 2632 3086 2706 loco
3131 2632 3366 2731 hujus·
3399 2632 3736 2708 sinistimi
3785 2638 4040 2735 puncti

1126 2779 1438 2865 ponatur
1470 2766 1817 2865 assumpt-i
1848 2765 2157 2841 radicati
2188 2766 2427 2865 figura
2458 2764 2827 2852 tabularis,
2862 2790 2996 2863 pro
3025 2764 3262 2863 primfi
3289 2764 3556 2841 radicis
3587 2766 3840 2865 figurfi„

1228 2899 1659 2986 Secundum,
1719 2910 1821 2985 ut,
1876 2898 2066 2972 facta
2114 2899 2523 2995 conjecturo.
2563 2922 2653 2971 ex
2694 2896 2948 2994 primis
2993 2896 3472 2995 supplementi
3502 2900 3844 2986 numeris,
3881 2927 4034 2975 suc-

1126 3032 1336 3105 cedat
1378 3030 1457 3104 in
1501 3030 1829 3129 sequenti
1870 3041 2161 3129 punem,
2208 3056 2335 3105 seu
2374 3027 2675 3129 periodo
2719 3030 3090 3129 ejusmodi,
3138 3050 3386 3105 recens
3429 3041 3503 3105 et
3541 3056 3734 3106 nova
3772 3034 4028 3133 figura,

1125 3167 1328 3262 cujus
1371 3163 1946 3261 supplementum
1978 3162 2361 3261 propositae
2406 3161 2692 3261 speciei,
2741 3164 2958 3259 qufun
2997 3162 3391 3238 maximum
3435 3163 3555 3251 sit,
3601 3188 3750 3238 non
3790 3177 4032 3240 tamen

1122 3297 1422 3370 excedat
1478 3295 1747 3393 figuras
1814 3295 1925 3368 illi
1990 3295 2391 3393 superiores
2449 3293 2528 3368 in
2585 3293 2742 3391 ipse
2795 3293 2931 3368 han
2985 3294 3284 3391 periodo
3341 3296 3858 3388 terminantes3
3941 3325 4030 3373 ex

1122 3429 1385 3526 quibus
1452 3427 1623 3502 inde
1690 3426 2265 3524 supplementum
2328 3426 2525 3500 idem
2591 3425 2980 3512 auferatur,
3066 3425 3392 3522 reliquiis
3457 3452 3677 3526 supra
3737 3431 4026 3506 notatis.

1120 3561 1371 3656 Atque
1428 3557 1585 3632 haec
1644 3559 1960 3632 secunda
2014 3557 2335 3655 operatio
2392 3557 2624 3644 toties,
2687 3583 2816 3632 seu
2873 3568 2979 3632 tot
3036 3557 3336 3646 vicibus,
3399 3571 3787 3658 repetetur,
3851 3576 4024 3660 quot

1116 3701 1501 3789 supersunt
1547 3689 1829 3788 periodi
1876 3715 2118 3764 vacuae
2168 3714 2414 3763 versus
2464 3689 2843 3780 dextram3
2907 3701 2983 3766 et
3029 3689 3282 3789 figurae
3331 3689 3413 3765 in
3462 3691 3796 3790 periodos
3847 3694 4022 3770 inci—

1115 3826 1363 3898 dentes
1397 3833 1565 3897 sunt
1596 3821 1807 3896 radix
1840 3821 2159 3919 quaesita.

1509 3954 1638 4041 Ut,
1678 3952 1988 4052 exempli
2016 3943 2271 4052 gratis,
2310 3953 2406 4026 sit
2449 3953 2897 4028 extrahenda
2937 3954 3148 4028 radix
3189 3953 3586 4052 bipartiens
3631 3958 3672 4032 ὲ
3715 3965 3964 4033 55225
3993 3986 4012 4032 :

1408 4086 1963 4162 Constituantur
1995 4085 2141 4160 situ
2174 4111 2318 4184 quo
2350 4087 2393 4158 ὁ,
2423 4085 2748 4184 margine
2776 4117 2798 4178 3
2851 4085 3116 4161 deinde
3147 4086 3406 4184 primo,
3449 4089 3493 4161 ὃ,
3523 4097 3595 4176 5,
3644 4088 4017 4164 sinistimae

1762 4217 2064 4315 periodi,
2096 4217 2301 4293 aufer
2323 4217 2719 4294 maximum
2743 4217 3190 4316 duplicatum
3223 4219 3486 4294 tabulae
3518 4222 3716 4318 quod
3749 4222 4018 4296 auferri

1421 4303 1629 4432 Q
1759 4349 2005 4448 possit,
2042 4348 2315 4424 scilicet
2346 4358 2419 4436 4,
2457 4361 2532 4424 et
2561 4359 2788 4424 restat
2823 4356 2891 4435 l,
2931 4347 3186 4423 deletis
3218 4359 3267 4423 5
3303 4375 3524 4448 supra
3561 4362 3635 4426 et
3677 4361 3728 4426 4·
3771 4352 4008 4445 infm3

1430 4515 1452 4567 1
1758 4483 2203 4580 quaternarii
2226 4481 2437 4558 radix
2459 4481 2858 4580 bipartiens
2883 4481 3252 4568 tabularis,
3282 4506 3444 4580 quae
3469 4494 3577 4558 est
3600 4493 3671 4572 2,
3701 4497 4014 4583 ponatur

1423 4591 1619 4704 3⁵3²?
1752 4617 2007 4714 primae
2038 4615 2321 4713 periodi
2350 4615 2562 4705 loco;
2619 4621 2668 4687 Ξ
2701 4639 2874 4712 ergo
2905 4612 3247 4688 dicuntur
3277 4617 3690 4712 praecedens
3721 4617 4004 4715 figum3

1421 4708 1463 4865 Ξ
1752 4746 1872 4822 cui
1904 4749 2292 4822 succedens
2324 4758 2434 4822 est
2459 4747 2866 4842 quaerenda,
2891 4746 3065 4820 etin
3091 4749 3405 4822 secunda
3424 4749 3722 4847 periodo
3747 4751 4007 4826 consti-

1748 4879 2039 4966 tuenda,
2088 4881 2291 4976 cujus
2336 4879 2910 4976 supplementum
2954 4904 3099 4954 non
3143 4883 3443 4956 excedat
3485 4884 4008 4983 suprascriptas
