4842 6219
1172 842 1257 903 34
2104 836 2239 902 DE
2291 835 2556 903 ARTE
2606 834 3180 903 LOGISTICA.

1178 1056 1591 1155 multiplum
1644 1056 2007 1154 sequentis
2058 1057 2333 1155 figurae,
2383 1056 2464 1129 in
2515 1056 2806 1130 unicam
2853 1054 3404 1152 multiplicatae3
3471 1056 3870 1154 aggregati,
3907 1060 4110 1143 vero,

1180 1189 1395 1265 unica
1424 1190 1681 1289 figura,
1710 1188 1827 1263 vel
1858 1187 2224 1263 dexterior
2250 1188 2351 1283 (si
2384 1189 2560 1262 duae·
2581 1186 2788 1285 sint),
2819 1189 3268 1275 subnotetur,
3299 1186 3704 1263 sinisterior
3734 1200 3980 1264 autem
4004 1191 4112 1287 (si

1178 1348 1339 1419 quoe
1371 1322 1505 1419 sit)
1538 1322 1780 1396 animo
1811 1332 2237 1408 reservetur,
2276 1320 2616 1395 addenda
2647 1331 2730 1394 ut
2761 1320 2965 1418 prius
2997 1352 3018 1409 3
3075 1331 3149 1394 et
3182 1320 3336 1395 hoec
3369 1320 3696 1418 operatio
3728 1320 3806 1394 in
3841 1322 4112 1397 sinisti-

1176 1480 1369 1528 mam
1404 1480 1531 1529 seu
1564 1452 1893 1529 ultimam
1925 1454 2236 1553 figuram
2268 1464 2377 1527 est
2411 1454 2824 1551 repetenda.

1278 1587 1614 1661 Tertium
1646 1597 1777 1673 est,
1816 1596 1901 1660 ut
1933 1586 2203 1660 ultimae
2236 1586 2488 1685 figurae
2523 1584 2957 1684 multiplum,
2987 1610 3154 1659 cum
3177 1583 3563 1659 novissime
3589 1586 3834 1661 animo
3857 1614 4108 1663 recon-

1175 1722 1329 1795 dita
1352 1720 1454 1818 (si
1488 1747 1649 1818 quae
1682 1719 1834 1817 sit),
1865 1719 1943 1793 in
1968 1719 2259 1794 unicam
2294 1744 2650 1793 summam
2684 1718 3086 1805 collectum,
3125 1716 3500 1791 sinistimis
3531 1718 3710 1793 locis
3735 1718 4104 1819 integrum

1178 1857 1624 1930 subnotetur.

1573 1986 1683 2061 Ut
1727 1985 1873 2059 sint
1918 1984 2363 2073 865091372
2408 1984 3028 2083 quintuplicanda
3077 2010 3205 2058 seu
3243 2010 3376 2083 per
3408 1994 3456 2057 5
3491 1984 4048 2083 multiplicanda
4075 2020 4100 2064 z

1473 2120 1747 2193 Eorum
1782 2118 1982 2205 situs,
2022 2128 2388 2215 utcunque
2423 2116 2538 2203 sit,
2579 2128 2662 2191 ut
2694 2117 2772 2189 in
2807 2118 3136 2215 margine
3165 2146 3184 2192 ε
3247 2115 3517 2204 Primo,
3553 2118 3825 2216 itaque,
3865 2122 4106 2220 figura

1526 2328 1883 2395 865091372
2082 2248 2407 2323 dextima
2447 2256 2517 2335 2,
2565 2247 2646 2321 in
2693 2248 2984 2323 unicam
3025 2248 3686 2347 multiplicati-icem
3729 2262 3801 2338 5,
3857 2256 4102 2330 multi-

1842 2413 1879 2469 5
2081 2382 2393 2482 plicetur
2423 2412 2444 2473 3
2522 2382 2700 2455 fient
2763 2391 2858 2456 10
2917 2384 3116 2479 (duae
3174 2384 3484 2483 figurae),
3557 2410 3868 2483 quorum
3927 2390 4098 2464 dex-

1484 2520 1883 2582 4325456860
2083 2528 2273 2591 tram
2318 2524 2369 2590 0
2412 2518 2740 2605 subnot0‚
2795 2525 2832 2591 1
2884 2529 3126 2593 autem
3169 2544 3454 2593 reservo
3485 2549 3506 2609 3
3571 2520 3836 2596 deinde
3880 2524 4092 2612 duco,

2080 2677 2209 2726 seu
2253 2652 2679 2751 multiplico,
2725 2662 2775 2741 7
2821 2652 2900 2725 in
2943 2662 3014 2739 5,
3063 2652 3239 2727 fient
3281 2660 3379 2727 35
3411 2686 3434 2746 3
3500 2655 3766 2752 quibus
3809 2658 4000 2732 addo
4055 2669 4088 2734 1

1480 2760 1957 2927 ‘W
2080 2798 2548 2874 reservatum,
2612 2788 2798 2861 fiunt
2847 2786 2998 2879 363
3071 2814 3380 2885 quarum
3441 2790 3774 2865 dextram
3829 2789 3876 2864 6
3931 2794 4096 2868 sub-

2076 2931 2271 3008 noto,
2304 2920 2538 2997 tribus
2571 2933 2812 2996 mente
2846 2922 3282 2997 reconditis:
3343 2924 3577 3023 Pergo
3598 2936 3842 3017 3—ter
3865 2936 3934 3014 5,
3965 2954 4093 3001 seu

1470 3052 1853 3152 quinquies
1895 3060 1967 3141 3,
2028 3064 2198 3128 sunt
2246 3062 2364 3142 15,
2423 3065 2498 3128 et
2540 3062 2610 3141 3,
2659 3065 2900 3129 mente
2943 3066 3327 3143 reservata,
3383 3055 3571 3131 fiunt
3620 3064 3736 3146 18,
3789 3059 4098 3136 subnoto

1472 3195 1538 3274 8,
1590 3197 1663 3261 et
1713 3194 1749 3259 1
1800 3212 2137 3279 reservo3
2202 3188 2532 3285 sequitur
2575 3187 2958 3285 quinquies
3001 3195 3063 3276 1,
3113 3189 3300 3264 fiunt
3339 3199 3408 3276 5,
3463 3202 3538 3266 et
3575 3200 3611 3264 1
3651 3206 4096 3268 reservatum

1463 3321 1649 3393 fiunt
1718 3318 1787 3406 6,
1878 3319 2091 3394 unica
2172 3321 2409 3420 figura
2491 3321 2962 3408 subnotanda,
3050 3321 3284 3396 nihilo
3349 3336 3590 3400 mente
3663 3339 4028 3402 reservato
4065 3361 4090 3419 3

1468 3451 1754 3537 deinde,
1813 3452 2199 3550 quinquies
2246 3462 2294 3536 9
2338 3465 2508 3528 sunt
2551 3463 2648 3528 45
2679 3485 2700 3545 3
2767 3455 3142 3530 subscribo
3185 3465 3256 3542 5,
3315 3469 3555 3532 mente
3605 3469 3849 3533 autem
3889 3471 3940 3534 4·
3980 3487 4092 3535 re-

1464 3608 1715 3675 serv03
1764 3584 2092 3681 sequitur
2125 3585 2512 3684 quinquies
2547 3595 2616 3674 Ο,
2656 3587 2852 3684 quod
2886 3587 3180 3685 quidem
3213 3587 3402 3664 nihil
3435 3601 3588 3683 est3
3642 3590 3804 3679 hoc,
3842 3619 4008 3668 cum
4039 3605 4094 3668 4·

1459 3716 1862 3803 reservatis,
1893 3717 2067 3791 facit
2091 3727 2141 3792 4
2166 3719 2654 3794 subnotanda:
2711 3720 3114 3819 Prosequor
3128 3722 3639 3822 3-quinquies
3665 3735 3713 3798 5
3741 3737 3911 3800 sunt
3935 3735 4034 3801 25
4060 3760 4083 3820 3

1462 3860 1635 3923 noto
1684 3859 1755 3936 5,
1818 3875 2102 3924 reservo
2154 3859 2253 3943 Ως
2324 3851 2499 3927 inde
2547 3852 2736 3928 duco
2785 3854 2832 3928 6
2882 3856 2960 3927 in
3011 3865 3082 3942 5,
3136 3856 3570 3954 proveniunt
3619 3865 3741 3945 30,
3797 3871 3872 3934 et
3923 3886 4090 3935 cum

1454 3983 1835 4058 reservatis
1869 3993 1917 4057 2
1950 3983 2137 4060 fiunt
2168 3991 2267 4058 32
2295 4016 2318 4077 3
2384 3984 2624 4062 scribo
2657 3995 2728 4074 Q,
2765 4012 3053 4062 reservo
3085 3996 3134 4064 8
3165 4021 3186 4081 ;
3243 3989 3558 4079 tandem,
3595 3991 3784 4067 duco
3819 3957 3865 4066 1}
3899 3993 3978 4066 in
4011 4005 4084 4081 5,

1459 4117 1647 4192 fiunt
1678 4125 1799 4204 40,
1846 4116 2111 4215 quibus
2146 4118 2335 4193 addo
2368 4125 2421 4193 3
2453 4131 2836 4207 reservata,
2877 4122 3031 4219 jam
3065 4122 3388 4196 omnium
3431 4124 3709 4213 ultimo,
3759 4126 4092 4224 fiuntque

1461 4254 1580 4334 43,
1654 4274 1815 4346 quoe
1874 4246 2168 4347 quidem
2225 4249 2529 4351 integre,
2601 4251 2680 4325 in
2739 4253 2914 4326 locis
2973 4253 3297 4328 omnium
3355 4255 3752 4345 sinistimis,
3825 4261 4086 4335 scribo.

1462 4379 1752 4468 Totum,
1804 4381 2071 4480 itaque,
2120 4383 2538 4482 multiplum
2582 4384 2964 4481 quaesitum
3007 4400 3116 4461 est
3159 4389 3630 4465 432545860.

1260 4647 1621 4744 Superest,
1664 4649 1839 4745 jam,
1888 4647 2207 4745 plurium
2250 4651 2651 4750 figurarum
2692 4679 2822 4752 per
2865 4652 3109 4752 plures
3151 4655 3680 4755 multiplicatio.

1264 4777 1789 4876 Multiplicatio
1840 4779 2159 4876 plurium
2214 4783 2616 4882 figurarum
2669 4811 2800 4884 per
2850 4787 3116 4885 plures,
3175 4800 3440 4887 praeter
3491 4790 3882 4888 praemissa,
3945 4792 4092 4866 tria

1159 4910 1384 4986 habet
1425 4923 1803 5009 praecepta.
2082 4909 2091 4920 ’
