4842 6219
1108 844 1190 907 66

2018 838 2156 905 DE
2205 838 2475 905 ARTE
2524 835 3101 905 LOGISTICA.

1415 1058 1829 1156 partiantur
1871 1068 1992 1147 50,
2043 1070 2118 1135 et
2161 1069 2234 1146 5,
2279 1082 2412 1157 per
2456 1066 2528 1144 5,
2574 1066 2649 1131 et
2691 1056 2869 1132 fient
2912 1056 3245 1154 superius
3292 1065 3406 1144 10,
3452 1056 3757 1131 inferius
3797 1065 3861 1145 1,
3908 1055 4049 1131 hoc

1416 1189 1585 1277 situ,
1615 1194 2096 1310 &gi-‘¹4³3
2151 1190 2418 1265 deinde
2440 1188 2855 1289 partiantur
2884 1198 2979 1265 10
3002 1188 3397 1288 superiora,
3436 1202 3511 1264 et
3544 1198 3643 1263 24·
3676 1188 4043 1274 inferiora,

1415 1352 1545 1424 per
1595 1352 1804 1401 suum
1853 1324 2250 1401 maximum
2301 1347 2757 1398 communem
2808 1321 3193 1397 divisorem
3245 1331 3315 1410 2,
3370 1336 3445 1397 et
3488 1322 3665 1397 fient
3707 1332 3756 1397 5
3802 1347 4043 1421 supra,

1415 1469 1488 1532 et
1535 1466 1628 1532 12
1661 1458 1873 1544 infra,
1911 1456 2050 1531 hoc
2084 1456 2251 1542 situ,
2309 1457 2789 1571 {ff-{ss31—552-2AE3
2846 1456 3159 1543 tandem,
3210 1455 3624 1555 partiantur
3674 1455 4049 1553 superiora

1415 1601 1535 1679 42,
1601 1604 1675 1667 et
1729 1590 2078 1665 inferiora
2134 1596 2250 1676 12,
2306 1613 2441 1687 per
2490 1590 2883 1665 eorundem
2936 1588 3335 1663 maximum
3388 1588 3777 1664 divisorem
3838 1588 3907 1675 6,
3972 1602 4047 1663 et

1415 1726 1594 1800 fient
1645 1736 1690 1813 7
1747 1724 2100 1823 superius,
2157 1733 2232 1797 et
2281 1729 2332 1795 2
2381 1719 2707 1809 inferius,
2760 1720 2901 1797 hoc
2950 1722 3117 1809 situ,
3172 1724 3545 1839 Ηξ-Ί.
3650 1722 3841 1797 Ecce
3889 1724 4047 1820 jam

1415 1860 1640 1935 habes
1683 1858 2076 1933 familiares
2119 1868 2193 1931 et
2237 1854 2653 1929 tractabiles
2684 1880 3021 1930 numeros
3062 1864 3127 1941 1,
3164 1862 3237 1943 3,
3273 1866 3347 1942 5,
3383 1867 3455 1944 7,
3496 1866 3716 1953 atque
3756 1864 3821 1942 1,
3866 1864 3930 1940 1,
3969 1864 4041 1939 2,

1413 1991 1724 2067 invicem
1755 1988 2364 2089 multiplicandos,
2403 2012 2537 2086 pro
2569 1988 2987 2085 majusculis
3016 1988 3339 2063 numeris
3370 1988 3655 2064 oblatis.
3748 1988 4044 2063 Ducan-

1419 2135 1541 2196 tur
1583 2148 1758 2220 ergo
1801 2121 2108 2197 invicem
2160 2128 2224 2207 1,
2273 2126 2345 2206 3,
2395 2130 2467 2206 5,
2515 2131 2587 2208 7,
2644 2131 2719 2194 et
2760 2119 2937 2194 fient
2985 2128 3179 2211 1053
3244 2121 3608 2195 ducantur
3648 2120 3823 2195 item
3866 2120 4045 2193 infe-

1413 2254 1610 2327 riora
1663 2262 1727 2339 1,
1785 2262 1846 2339 1,
1899 2260 1968 2339 2,
2017 2251 2350 2339 invicem,
2407 2264 2482 2325 et
2530 2252 2707 2328 fient
2751 2261 2850 2344 2;
2907 2277 3039 2350 per
3088 2278 3253 2351 quae
3302 2252 3713 2352 partiantur
3752 2260 3916 2340 105,
3970 2266 4046 2327 et

1412 2384 1787 2483 proveniet
1846 2395 2108 2482 quotus
2165 2386 2338 2484 52ῤ,
2395 2409 2739 2459 numerus
2792 2385 3075 2459 dierum
3128 2384 3513 2483 quaestioni
3570 2384 4038 2474 satisfaciens,

1413 2519 1686 2615 absque
1751 2516 2036 2615 magnis
2104 2528 2233 2591 aut
2297 2515 2677 2592 laboriosis
2742 2516 3465 2614 multiplicationibus
3531 2528 3606 2593 et
3664 2518 4041 2593 divisionis

1413 2648 1772 2748 operibus.

1215 2918 1402 2993 Haec
1437 2915 1986 3018 proportionum
2027 2912 2280 3014 regula
2318 2914 2669 3014 plurimas
2714 2914 2933 2990 habet
2978 2914 3233 2991 tacitas
3276 2928 3350 2990 et
3392 2916 3697 2992 latentes
3740 2918 4033 3015 species,

1107 3077 1255 3124 non
1295 3051 1784 3152 negligendas,
1845 3076 2007 3148 quae
2048 3046 2398 3124 beneficio
2444 3046 2665 3123 etiam
2712 3046 2929 3146 hujus
2976 3047 3387 3147 compendii
3422 3049 3785 3137 fruuntur,
3834 3060 3909 3125 et
3952 3078 4039 3124 eo

1107 3185 1614 3282 expediuntur.

1508 3318 1618 3394 Ut
1642 3318 1896 3416 reg-ula
1918 3316 2316 3392 reducendi
2339 3316 2727 3392 fractiones
2752 3315 3207 3404 fractionum,
3235 3315 3501 3390 iterum
3528 3328 3745 3414 atque
3768 3316 4039 3392 iterum

1406 3450 1800 3524 fractarum
1834 3450 1962 3545 (de
1997 3451 2140 3546 qun
2169 3448 2608 3546 generaliter
2640 3447 2991 3546 superius,
3036 3461 3111 3522 et
3152 3447 3689 3548 particulariter
3730 3447 4037 3524 inferius
4174 3473 4189 3492 ·

1407 3581 1895 3678 tractabitur),
1935 3592 2044 3655 est
2075 3579 2347 3678 species
2381 3578 2601 3677 hujus
2634 3579 2903 3677 regulae
2937 3581 3444 3680 proportionis,
3489 3607 3581 3656 ex
3614 3579 4037 3656 definitione

1409 3713 1678 3811 regulae
1737 3711 2246 3811 proportioni&
2349 3712 2571 3788 Unde
2630 3713 2883 3788 eodem
2942 3713 3369 3812 compendio
3424 3713 3573 3800 illa,
3645 3738 3791 3810 quo
3846 3711 4031 3800 haec,

1406 3844 1890 3931 abbreviatur,
1962 3855 2046 3919 ut
2102 3845 2182 3916 in
2237 3843 2584 3941 exemplis
2644 3871 2799 3944 cap.
2866 3854 2909 3918 8
2982 3845 3147 3921 Lib.
3216 3848 3277 3922 I.
3341 3859 3705 3923 ostensum
3762 3856 3893 3930 est,
3960 3856 4035 3918 et

1401 3978 1702 4054 inferius
1752 3978 2190 4052 ostendetur.

1207 4243 1326 4316 De
1375 4243 1826 4343 integrorum
1877 4264 2340 4316 numerorum
2394 4241 2885 4317 Arithmeticfi
2939 4243 3163 4334 satis;
3230 4255 3555 4341 superaet
3608 4243 4028 4326 fractorum,

1105 4403 1232 4450 seu
1282 4375 1736 4451 fractionum.
