4842 6219
1115 834 1200 894 46

2046 822 2182 889 DE
2232 821 2501 889 ARTE
2554 820 3127 889 LOGISTICA.

1528 1045 1638 1120 Ut
1663 1044 1726 1117 si
1751 1042 1964 1117 radix
1993 1042 2236 1117 oblata
2259 1048 2355 1115 85
2381 1039 2801 1115 radicaliter
2826 1039 3289 1137 duplicanda,
3320 1052 3655 1116 secentur
3680 1042 3760 1116 in
3785 1056 4057 1142 parteS,

1415 1175 1734 1275 priorem
1783 1182 1902 1262 30,
1965 1172 2438 1271 posteriorem
2488 1182 2537 1247 5
2566 1204 2588 1263 3
2662 1173 2807 1247 duc
2856 1179 2958 1246 30
3004 1171 3083 1244 in
3134 1181 3205 1259 5,
3270 1172 3447 1247 fient
3504 1183 3670 1262 150,
3740 1202 4056 1273 quorum

1423 1308 1728 1406 duplum
1769 1319 1877 1381 est
1916 1313 2116 1397 3003
2181 1305 2447 1402 quibus
2494 1305 2681 1379 adde
2726 1304 3175 1402 duplicatum
3218 1312 3321 1381 80
3362 1316 3436 1379 et
3484 1307 3938 1404 duplicatum
3977 1320 4052 1396 5,

1425 1466 1588 1539 quae
1623 1452 1790 1515 sunt
1825 1447 1993 1526 900,
2026 1450 2099 1515 et
2129 1447 2248 1526 25,
2279 1439 2599 1535 fientque
2630 1446 2844 1524 1225,
2876 1438 3327 1536 duplicatum
3362 1438 3583 1514 totius
3616 1442 3902 1515 numeri
3928 1450 4051 1517 35.

1423 1574 1586 1649 Nec
1620 1599 1824 1649 secus
1859 1572 2139 1647 eveniet
2173 1597 2264 1645 ex
2296 1571 2523 1644 ductu
2555 1577 2656 1644 85
2688 1569 2767 1642 in
2800 1576 2922 1643 35.
3031 1569 3219 1644 Item
3254 1570 3318 1644 si
3350 1583 3782 1671 prorogetur
3816 1574 4053 1661 radix,

1422 1709 1518 1782 sit
1551 1714 1752 1799 3523
1809 1707 1956 1781 sint
2000 1716 2263 1804 parteS,
2313 1704 2516 1801 prior
2548 1710 2719 1790 350,
2768 1702 3126 1801 posterior
3160 1711 3259 1794 2;
3321 1704 3465 1777 duc
3496 1704 3829 1793 invicem,
3880 1706 4059 1781 fient

1421 1848 1593 1929 700,
1626 1866 1934 1939 quorum
1959 1839 2264 1937 duplum
2297 1848 2406 1911 est
2438 1844 2677 1927 14003
2734 1836 2997 1934 quibus
3034 1835 3221 1909 adde
3255 1835 3709 1934 duplicatum
3744 1846 3815 1925 2,
3854 1842 4055 1936 quod

1419 1985 1528 2049 est
1569 1983 1641 2061 4,
1691 1983 1765 2048 et
1811 1971 2264 2070 duplicatum
2305 1976 2457 2045 350
2500 1968 2828 2067 superius
2876 1967 3274 2055 inventum,
3324 1971 3523 2066 quod
3555 1981 3664 2044 est
3704 1980 4051 2064 1225003

1421 2119 1494 2181 et
1519 2132 1610 2181 ex
1633 2105 1748 2178 his
1777 2104 2009 2179 tribus
2035 2103 2354 2189 summiS,
2393 2110 2705 2189 122500,
2744 2110 2957 2189 1400,
2988 2113 3060 2177 et
3085 2111 3154 2189 4,
3188 2103 3480 2190 additis,
3510 2105 3697 2179 fiunt
3736 2114 4047 2195 123904,

1425 2239 1874 2336 duplicatum
1919 2238 2303 2334 quaesitum
2348 2236 2619 2309 radicis
2653 2241 2825 2309 352.
2930 2236 3282 2335 Experire
3322 2238 3873 2337 multiplicando
3906 2248 4061 2315 852

1421 2372 1500 2443 in
1528 2377 1698 2457 352,
1729 2382 1802 2445 et
1826 2370 2019 2444 idem
2043 2368 2388 2443 invenies.
2464 2368 2742 2441 Eodem
2774 2370 2991 2442 modo
3025 2372 3473 2467 operandum
3508 2372 3694 2447 foret
3728 2372 3807 2446 in
3843 2399 4056 2471 quar-

1425 2517 1576 2579 tam
1623 2530 1850 2601 usque
1899 2504 2229 2601 figuram,
2287 2502 2617 2600 foretque
2664 2507 2885 2576 3521.
2990 2502 3108 2576 Ex
3154 2504 3537 2579 anterioris
3580 2506 3811 2604 partis
3860 2515 4063 2581 3520

1428 2636 1795 2735 duplicato
1829 2639 1985 2735 jam
2027 2636 2280 2712 habito
2322 2642 2736 2721 12390400,
2781 2646 2857 2708 et
2889 2636 3283 2732 posteriore
3316 2648 3523 2734 parte
3565 2647 3629 2725 1,
3669 2639 4063 2715 habebitur

1434 2776 1848 2859 12397441,
1887 2768 2340 2867 duplicatum
2376 2767 2597 2841 totius
2629 2767 2937 2854 numeri,
2978 2793 3106 2841 seu
3137 2767 3427 2855 radiciS,
3468 2776 3688 2844 3521.

1231 3037 1362 3112 Est
1395 3038 1617 3114 etiam
1651 3047 1723 3112 et
1757 3037 1904 3112 alia
1933 3034 2276 3112 radicalis
2313 3034 2819 3134 triplicationis
2855 3034 3100 3133 praxis
3131 3066 3151 3126 3
3207 3034 3575 3124 nimirum,
3624 3037 3947 3112 radicem
3980 3038 4059 3112 in

1127 3170 1308 3243 duas
1353 3182 1596 3268 partes
1642 3170 1972 3256 secando,
2022 3181 2095 3243 et
2140 3168 2441 3267 triplum
2485 3169 2715 3265 partis
2759 3171 3109 3267 cujusque
3151 3169 3230 3242 in
3275 3170 3575 3244 alterius
3611 3171 4059 3269 duplicatum

1127 3305 1479 3390 ducendo,
1529 3315 1602 3378 et
1647 3303 1966 3401 singulas
2011 3314 2252 3401 partes
2297 3302 2735 3400 triplicando
2766 3333 2786 3392 3
2852 3327 2941 3375 ex
2986 3301 3102 3376 his
3146 3303 3341 3376 enim
3392 3315 3705 3401 quatuor
3756 3305 4053 3379 summis

1133 3435 1421 3522 additis,
1461 3435 1890 3532 producitur
1921 3435 2188 3508 radicis
2223 3435 2483 3509 oblatae
2518 3434 2983 3532 triplicatum.

1535 3569 1642 3644 Ut
1677 3566 1770 3640 sit
1803 3567 2016 3640 radix
2041 3568 2286 3641 oblata
2307 3575 2404 3640 35
2434 3567 2849 3641 radicaliter
2884 3567 3339 3665 triplicanda‚
3380 3581 3711 3643 secentur
3738 3583 3817 3643 ut
3842 3595 4065 3668 supra

1433 3699 1512 3772 in
1548 3711 1789 3798 partes
1823 3707 1924 3773 30
1957 3711 2029 3773 et
2062 3711 2110 3774 5
2141 3732 2160 3790 3
2219 3701 2362 3774 duc
2395 3700 2695 3798 triplum
2730 3709 2800 3785 5,
2840 3700 3034 3796 quod
3068 3710 3178 3773 est
3208 3708 3322 3787 15,
3352 3701 3431 3773 in
3464 3702 3912 3799 duplicatum
3936 3709 4058 3787 30,

1437 3834 1634 3930 quod
1665 3843 1774 3906 est
1808 3839 1956 3915 900
1985 3862 2006 3923 3
2063 3844 2138 3907 et
2171 3832 2471 3930 triplum
2494 3839 2615 3918 30,
2654 3833 2851 3928 quod
2874 3843 2983 3906 est
3010 3841 3128 3920 90,
3168 3831 3247 3906 in
3281 3832 3733 3931 duplicatum
3762 3845 3831 3921 5,
3864 3835 4063 3932 quod

1439 3977 1547 4040 est
1595 3975 1692 4040 25
1722 3996 1743 4057 ;
1801 3976 1875 4040 et
1917 3967 2104 4040 fiunt
2147 3965 2277 4039 illa
2313 3973 2577 4051 13500,
2628 3965 2787 4040 haec
2831 3968 3002 4040 vero
3048 3975 3297 4058 2250;
3354 3967 3617 4042 deinde
3649 3968 4067 4042 radicaliter

1441 4098 1900 4198 triplicentur
1932 4106 2053 4185 30,
2103 4111 2176 4172 et
2216 4099 2401 4172 fiunt
2438 4106 2534 4187 27
2536 4107 2685 4172 000
2714 4129 2735 4189 ;
2792 4098 3213 4174 radicaliter
3244 4099 3464 4174 etiam
3498 4099 3957 4199 triplicentur
3988 4111 4059 4187 5,

1443 4241 1516 4305 et
1549 4231 1728 4304 fient
1766 4239 1908 4305 125
1939 4264 1960 4322 3
2019 4256 2106 4305 ex
2147 4230 2264 4304 his
2305 4257 2478 4329 ergo
2514 4243 2825 4328 quatuor
2864 4232 3183 4318 summiS,
3230 4239 3490 4319 13500,
3532 4241 3751 4320 2250,
3790 4241 4059 4322 27000,

1444 4373 1518 4437 et
1551 4371 1712 4451 125,
1747 4363 2036 4452 additis,
2067 4365 2254 4438 fiunt
2277 4371 2547 4453 42875,
2580 4363 2839 4437 oblatae
2875 4362 3145 4440 radicis
3180 4362 3625 4460 triplicatum
3658 4365 4061 4462 quaesitum.

1449 4497 1803 4596 Experire
1847 4523 1978 4594 per
2021 4496 2696 4596 multiplicationem
2740 4497 3234 4572 continuatam
3278 4503 3396 4584 35,
3446 4503 3567 4584 35,
3614 4509 3689 4571 et
3726 4503 3848 4584 35,
3886 4497 4067 4570 invi-

1448 4654 1626 4716 cem,
1658 4629 1832 4704 etin
1859 4629 2053 4703 idem
2075 4629 2374 4703 incideS.
2472 4628 2820 4703 Similiter
2852 4629 2916 4702 si
2947 4630 3071 4703 hic
3102 4639 3531 4728 prorogetur
3559 4628 3794 4716 radix,
3834 4627 4069 4726 sitque

1445 4769 1588 4836 351
1625 4792 1646 4852 3
1704 4762 2116 4860 partiantur
2148 4762 2227 4835 in
2263 4761 2696 4836 anteriorem
2729 4773 3009 4858 partem
3042 4770 3212 4849 350,
3258 4775 3331 4836 et
3365 4760 3835 4860 posteriorem
3876 4771 3939 4851 1,
3978 4788 4069 4835 ex

1446 4893 1730 4992 quibus,
1779 4897 1994 4969 modo
2037 4895 2358 4994 praefatO,
2406 4894 2708 4969 habebis
2742 4895 2873 4968 has
2909 4906 3220 4992 quatuor
3262 4921 3599 4984 summaS,
3643 4904 4067 4988 42875000,
