4842 6219
1719 907 1852 976 DE
1902 908 2168 976 ARTE
2217 908 2789 978 LOGISTICA.
3594 917 3713 986 147

1609 1194 2044 1293 Exemplum
2076 1195 2346 1294 regulae
2379 1197 2871 1293 supersolidae.

871 1393 2184 1489 lass÷5aQQb†10aQ3b-Q÷lO-Qb‘e
2238 1392 2843 1490 ÷5bQQa÷lbss
2909 1397 2941 1492 (
2977 1399 3255 1489 1a÷1b
3290 1422 3461 1474 vera
3492 1397 3705 1473 radix

871 1493 2836 1510 ———-——-=-——————

1095 1531 1322 1646 Q
1375 1529 2835 1641 †10b8a·e†10b‘ea-Q÷Q†Q
3056 1529 3527 1627 supersolida.

879 1805 952 1869 5.
1007 1795 1218 1870 Patet
1251 1795 1498 1893 itaque
1532 1820 1622 1868 ex
1653 1793 2046 1892 praemissis
2071 1794 2268 1891 quod
2292 1793 2557 1890 aliquae
2582 1794 3114 1870 extractionum
3145 1795 3474 1894 reliquiae
3506 1798 3709 1872 nulla

777 1929 1048 2005 habent
1109 1928 1322 2028 signa
1375 1928 1706 2027 positiva,
1769 1938 1844 2002 et
1897 1928 2016 2002 hae
2069 1926 2398 2025 reliquiae
2455 1937 2627 2001 totae
2686 1927 3021 2003 formales
3073 1928 3418 2004 dicuntur
3448 1961 3469 2022 3
3544 1931 3705 2006 aliae

777 2063 1106 2161 reliquiae
1142 2062 1442 2154 habent,
1481 2073 1556 2136 et
1587 2061 1705 2136 hae
1740 2071 1908 2135 totae
1941 2060 2352 2134 informales
2389 2060 2756 2134 dicuntur.

1175 2195 1284 2271 Ut
1317 2195 1395 2268 in
1429 2193 1776 2294 exemplis
1811 2202 1880 2282 2,
1909 2200 1980 2281 3,
2012 2205 2086 2268 et
2109 2202 2160 2268 4·
2183 2193 2651 2268 extractionis
2672 2195 3071 2291 quadratae,
3102 2194 3431 2293 reliquiae
3455 2221 3701 2271 omnes

1073 2330 1400 2427 priorum
1443 2342 1750 2428 operum
1787 2339 1956 2402 sunt
1997 2327 2436 2415 informales,
2484 2329 2883 2403 eorundem
2925 2340 3169 2405 autem
3212 2331 3701 2430 exemplorum

1067 2463 1475 2537 novissimae
1507 2461 1836 2560 reliquiae
1871 2471 2040 2535 sunt
2071 2487 2416 2536 numerus
2446 2493 2469 2554 3
2522 2471 2739 2560 atque
2772 2461 2939 2538 ideo
2962 2461 3297 2538 formales
3330 2463 3697 2550 dicuntur,

1074 2595 1446 2696 Exemplis
1471 2597 1644 2670 vero
1675 2605 1724 2670 5
1759 2607 1832 2670 et
1866 2591 1915 2668 6
1948 2596 2342 2692 quadratae,
2381 2605 2457 2669 et
2490 2603 2541 2668 2
2568 2595 2845 2670 eubicae
2878 2594 3205 2694 reliquiae
3238 2622 3507 2685 omnes,
3546 2602 3703 2672 tum

1069 2728 1326 2827 primae
1394 2733 1550 2802 tum
1615 2727 2046 2813 novissimae,
2119 2753 2205 2800 eo
2262 2727 2462 2823 quod
2518 2727 2847 2825 positivis
2916 2738 3215 2815 scatent,
3286 2727 3699 2806 informales

1083 2861 1451 2936 dicuntur.

879 3126 1386 3202 Informatium
1418 3123 1892 3221 reliquiarum
1926 3123 2262 3219 quaedam
2303 3134 2475 3197 sunt
2506 3123 2943 3212 formabileS,
2984 3124 3319 3223 quaedam
3358 3124 3697 3201 reforma-

773 3261 978 3348 biles,
1015 3260 1350 3356 quaedam
1381 3282 1676 3359 prorsus
1709 3256 2063 3331 deformes
2097 3266 2172 3329 et
2203 3254 2786 3331 irreformabiles.

1172 3392 1282 3467 Ut
1315 3389 1660 3489 exemplis
1693 3388 2021 3487 proxime
2055 3386 2659 3485 subsequentibus
2692 3387 2990 3487 patebit.

873 3656 944 3731 6.
998 3655 1444 3732 Formabiles
1489 3666 1656 3729 sunt
1698 3651 2028 3750 reliquiae
2061 3676 2229 3725 eum
2261 3652 2528 3751 quibus
2568 3655 2888 3728 secunda
2915 3678 3085 3753 pars
3116 3655 3389 3754 regulae
3420 3668 3694 3732 exnec-

775 3788 992 3863 tionis
1033 3787 1356 3863 exerceri
1396 3786 1647 3885 possit,
1695 3784 2042 3883 reliquias
2085 3784 2256 3859 inde
2299 3786 2559 3875 nullas,
2618 3796 2745 3861 aut
2786 3785 3151 3884 prioribus
3194 3788 3436 3863 minus
3477 3788 3697 3863 infor-

773 3922 996 3998 meles
1049 3922 1452 3997 reddentes.
1559 3921 1954 4018 Ipsumque
2007 3944 2187 4019 opus
2239 3922 2571 3995 secundae
2622 3919 2851 4019 partis
2902 3920 3173 4019 τος-111111
3230 3921 3693 3997 extractionis

775 4054 1270 4134 Conformatio
1311 4054 1604 4129 dieitur.

1173 4186 1282 4261 Ut
1339 4184 1418 4259 in
1477 4184 1824 4285 exemplis
1881 4184 2216 4259 omnibus
2283 4182 2797 4279 superioribus,
2859 4193 2934 4256 et
2982 4182 3322 4279 quadrati
3372 4194 3445 4258 et
3493 4186 3685 4274 cubi,

1067 4317 1396 4416 reliquiae
1428 4342 1676 4392 omnes
1717 4326 1985 4416 praeter
2025 4313 2452 4389 novissimas
2496 4313 2842 4388 dicuntur
2884 4313 3315 4402 formabiles,
3353 4316 3531 4413 quia
3558 4344 3690 4416 per

1067 4450 1294 4525 solam
1351 4450 1740 4524 secundam
1797 4458 2081 4546 partem
2137 4446 2410 4545 regulae
2468 4446 2933 4522 extractionis
2990 4446 3552 4537 conformantur,
3614 4462 3689 4525 et

1065 4581 1394 4681 reliquiae
1434 4581 1843 4657 novissimae
1886 4580 2060 4655 inde
2099 4578 2339 4653 minus
2377 4580 2791 4656 informnles
2830 4590 3241 4679 exsurgent.

871 4860 944 4939 7.
1015 4848 1540 4925 Reformabiles
1607 4859 1778 4923 sunt
1841 4845 2169 4944 reliquiae
2235 4871 2416 4944 quas
2484 4846 2547 4919 si
2613 4844 2945 4921 diviseris
3010 4872 3145 4947 per
3208 4847 3683 4947 compositum

763 4982 1059 5081 aliquod
1118 4980 1394 5078 aequele
1450 4979 1684 5055 nihilo
1735 4980 1900 5077 (seu
1955 5004 2088 5079 per
2142 4978 2621 5079 aequationem
2678 4980 2775 5055 ad
2832 4982 2943 5076 Ο),
3008 4990 3082 5055 et
3132 4978 3308 5055 hinc
3360 4989 3685 5057 extantes
