4842 6219
1719 831 1855 895 DE
1904 830 2169 897 ARTE
2218 826 2788 896 LOGISTICA.
3627 832 3702 895 15

1090 1064 1164 1125 et
1198 1061 1467 1123 contra.
1582 1048 1770 1123 Item
1802 1056 2013 1123 aucto
2042 1072 2344 1121 numero
2375 1048 2618 1132 boum,
2673 1046 2924 1143 augeri
2955 1056 3030 1119 et
3061 1070 3309 1121 eorum
3352 1048 3697 1144 pabulum

1088 1206 1375 1257 necesse
1418 1191 1547 1268 est,
1600 1190 1673 1255 et
1716 1190 1989 1267 contra,
2035 1178 2315 1253 minuto
2348 1178 2602 1251 minui.
2708 1177 2828 1253 Sic
2877 1178 3104 1253 auctis
3149 1179 3402 1255 diebus
3449 1181 3696 1277 augeri

1088 1314 1381 1399 famum,
1440 1324 1513 1385 et
1564 1310 1865 1386 minutis
1912 1309 2165 1385 minui.
2271 1308 2530 1385 Tertio
2575 1310 2922 1406 exemplo,
2971 1309 3200 1385 auctis
3233 1311 3348 1385 vel
3398 1312 3695 1384 minutis

1086 1444 1357 1529 solidis,
1412 1442 1627 1517 simul
1675 1452 1749 1515 et
1794 1441 2018 1517 libras
2066 1440 2343 1538 priores
2386 1440 2492 1515 eis
2535 1440 2843 1536 aequales
2891 1441 3140 1539 augeri
3171 1442 3286 1516 vel
3323 1442 3557 1517 minui
3589 1454 3698 1515 est

1088 1596 1395 1647 necesse.
1499 1572 1619 1645 Sic
1669 1596 1835 1645 cum
1882 1568 2395 1668 posterioribus
2443 1569 2671 1657 libris,
2721 1578 2769 1643 Q
2803 1570 3074 1644 scilicet
3114 1596 3375 1645 marcae
3423 1573 3696 1669 priores

1090 1712 1139 1778 8
1172 1705 1277 1779 eis
1310 1703 1619 1801 aequales
1652 1713 1973 1777 crescent
2012 1713 2089 1777 et
2126 1702 2588 1795 decrescent3
2644 1712 2861 1797 atque
2895 1727 3060 1775 cum
3091 1702 3352 1777 marcis
3383 1712 3432 1777 5
3465 1716 3695 1801 poste-

1090 1836 1403 1909 rioribus
1436 1844 1855 1909 coronatum
1886 1859 2133 1908 unum.
2238 1832 2712 1929 Tandemque
2763 1858 2929 1907 cum
2977 1834 3332 1909 coronatis
3378 1843 3426 1918 9
3465 1849 3695 1933 poste-

1092 1968 1425 2055 rioribus,
1470 1966 1853 2064 quaesitum
1896 1966 2289 2041 solidorum
2332 1990 2715 2043 numerum
2767 1966 2984 2039 simul
3041 1968 3292 2065 augeri
3345 1979 3418 2042 et
3465 1969 3698 2042 minui

1088 2124 1375 2173 necesse
1404 2110 1533 2175 est.
1638 2100 1855 2174 Unde
1906 2124 1995 2175 ex
2042 2098 2345 2195 singulis
2394 2098 2594 2173 hisce
2641 2097 2832 2172 binis
2878 2098 3106 2173 altera
3137 2099 3500 2195 quantitas
3535 2104 3691 2187 sub,

1092 2241 1167 2305 et
1198 2232 1426 2305 altera
1456 2256 1677 2329 supra
1704 2230 1971 2305 lineam
2001 2230 2484 2318 constituitur,
2523 2240 2608 2305 ut
2637 2229 2966 2329 superius
2997 2254 3290 2305 cernere
3324 2230 3512 2305 licet.

894 2494 1285 2582 Quartum,
1342 2503 1423 2564 ut
1473 2492 1661 2565 binae
1712 2491 2147 2587 quantitates
2199 2492 2657 2590 cognomines
2707 2492 2898 2567 linea
2947 2492 3072 2565 illa
3129 2518 3406 2591 semper
3465 2499 3560 2593 sej
3569 2522 3694 2569 un·

792 2636 1075 2721 gantur.

1190 2754 1418 2828 Prout
1448 2754 1527 2827 in
1561 2754 2046 2852 superioribus
2080 2754 2446 2853 exemplis,
2475 2762 2524 2828 8
2555 2755 2754 2831 horae
2785 2758 2830 2827 a
2861 2754 2909 2828 6
2942 2755 3160 2842 horis,
3197 2766 3270 2831 et
3301 2766 3352 2831 4
3383 2759 3698 2833 miliaria

1088 2890 1131 2959 a
1178 2884 1581 2960 miliaribus
1632 2886 1950 2982 quaesitis
2000 2886 2079 2959 in
2126 2886 2362 2984 primo
2410 2888 2786 2984 exemplo:
2873 2888 2971 2961 Et
3015 2887 3063 2961 6
3111 2890 3327 2963 boves
3377 2893 3420 2963 a
3467 2893 3695 2966 bobus

1088 3018 1428 3116 quaesitis‚
1483 3028 1533 3091 5
1577 3043 1933 3093 mensurae
1976 3017 2153 3093 foeni
2195 3020 2240 3090 ὃ,
2281 3025 2331 3091 3
2374 3017 2750 3105 mensuris,
2799 3029 2872 3093 et
2905 3028 2956 3093 4·
2987 3018 3141 3093 dies
3175 3022 3218 3093 εὶ
3250 3029 3297 3095 2
3331 3021 3584 3096 diebus
3617 3024 3695 3097 in

1089 3151 1401 3225 secundo
1432 3151 1805 3250 exemplo:
1864 3151 1962 3224 Et
1994 3149 2073 3224 in
2106 3151 2319 3226 tertio
2350 3150 2678 3248 exemplo
2718 3158 2817 3226 20
2857 3151 3070 3226 solidi
3119 3155 3162 3226 εὶ
3210 3153 3456 3228 solidis
3505 3181 3693 3252 quse

1090 3282 1266 3367 sitis,
1316 3293 1389 3355 et
1423 3289 1471 3354 2
1504 3281 1709 3356 librae
1752 3283 1846 3356 ab
1884 3289 1923 3354 1
1958 3280 2165 3368 libra,
2214 3293 2288 3355 et
2319 3292 2369 3355 5
2402 3305 2663 3356 marcae
2695 3284 2738 3354 ὲ
2771 3289 2819 3356 3
2852 3283 3134 3372 marcis,
3185 3295 3258 3358 et
3292 3293 3339 3368 9
3373 3290 3696 3362 coronati

1086 3415 1179 3487 ab
1218 3421 1253 3484 1
1294 3424 1653 3500 coronato,
1692 3413 2113 3510 interposita
2141 3412 2333 3490 linea
2364 3413 2920 3513 disjunguntur..

894 3677 1037 3752 His
1073 3677 1487 3764 observatis,
1542 3677 1637 3752 ad
1680 3676 1999 3752 omnium
2042 3677 2395 3776 ejusmodi
2437 3678 2912 3775 quaestionum
2945 3681 3368 3758 solutionem
3403 3683 3694 3760 unicum

793 3805 1135 3884 inserviet
1162 3808 1495 3906 generale
1526 3808 1667 3882 hoc
1698 3807 2133 3906 operationis
2165 3821 2652 3908 praeceptum:

894 3940 1313 4038 Multiplica
1343 3939 1783 4038 quantitates
1816 3942 2216 4038 superiores
2249 3941 2580 4029 invicem,
2623 3943 2800 4019 item
2842 3957 2916 4018 et
2959 3945 3330 4020 inferiores
3361 3947 3690 4034 invicem,

794 4073 1053 4146 deinde
1083 4071 1497 4170 multiplum
1530 4071 1981 4169 superiorum
2012 4073 2285 4171 partire
2318 4097 2451 4170 per
2481 4074 2894 4173 multiplum
2927 4075 3370 4162 inferiorum,
3416 4089 3489 4150 et
3523 4103 3693 4173 quo-

794 4215 907 4278 tus
940 4205 1080 4278 erit
1111 4204 1491 4301 quaesitum
1523 4203 1901 4301 quaestioni
1934 4204 2397 4279 satisfaciens·

1186 4337 1294 4411 Ut
1342 4335 1421 4410 in
1471 4335 1705 4433 primo
1756 4334 2103 4432 exemplo,
2158 4333 2564 4432 multiplica
2613 4335 3014 4433 superiores
3061 4335 3108 4408 6
3153 4347 3226 4409 et
3267 4345 3317 4408 4·
3358 4337 3688 4426 invicem,

1090 4467 1264 4540 fient
1318 4444 1465 4558 2423
1530 4493 1693 4564 quae
1744 4464 2015 4564 partire
2067 4490 2198 4561 per
2250 4465 2664 4539 inferiorem
2715 4490 3095 4539 numerum
3144 4473 3215 4552 3,
3273 4478 3346 4539 et
3397 4469 3570 4542 fient
3622 4479 3690 4555 8,

1086 4622 1429 4670 numerus
1476 4597 1873 4670 miliarium
1921 4595 2285 4692 quaesitus.
2393 4595 2486 4668 In
2537 4597 2849 4669 secundo
2899 4598 3244 4694 exemplo,
3297 4598 3698 4697 multiplica

1086 4726 1487 4825 superiores
1540 4727 1609 4814 6,
1664 4737 1735 4813 5,
1792 4739 1865 4800 et
1914 4735 1963 4800 4·
2013 4727 2342 4812 invicem,
2401 4739 2475 4800 et
2524 4728 2699 4801 fient
2739 4734 2930 4818 1203
2995 4727 3165 4801 inde
3213 4728 3618 4828 multiplica
3646 4739 3694 4805 3

1088 4883 1217 4954 per
1262 4867 1331 4944 2,
1390 4859 1565 4933 fient
1608 4857 1656 4931 6
1686 4889 1707 4949 3
1761 4884 1891 4956 per
1934 4884 2093 4955 quae
2132 4858 2405 4955 partire
2445 4866 2608 4944 120,
2663 4860 3152 4956 producentur
3184 4868 3304 4948 20,
3357 4886 3694 4938 numerus
