4842 6219
1133 800 1172 860 8
2037 794 2174 858 DE
2224 794 2491 859 ARTE
2541 792 3113 861 LOGISTICA.

1535 1006 1643 1084 Ut
1688 1009 1752 1083 si
1794 1008 2078 1085 dubites
2123 1036 2218 1084 an
2261 1016 2310 1084 3
2351 1008 2833 1108 multiplicata
2872 1008 2951 1081 in
2991 1017 3040 1082 5
3084 1008 3489 1105 producant
3530 1016 3641 1095 15,
3700 1034 3833 1108 pro
3886 1035 4048 1087 exa.-

1434 1141 1629 1216 mine
1660 1142 1932 1239 partire
1971 1151 2063 1216 15
2095 1168 2226 1240 per
2259 1152 2330 1229 5,
2369 1154 2444 1217 et
2477 1167 2643 1218 cum
2674 1140 2847 1215 inde
2877 1140 3176 1215 redeant
3208 1146 3282 1227 8,
3328 1140 3468 1214 scis
3514 1152 3585 1215 te
3627 1152 3821 1215 recte
3864 1144 4046 1218 mul-

1437 1270 1846 1370 tiplicasse:
1903 1271 2020 1346 vel
2070 1271 2300 1360 aliter,
2358 1272 2632 1371 partire
2678 1279 2772 1344 15
2825 1295 2957 1368 per
2997 1276 3046 1342 3
3090 1278 3164 1343 et
3204 1270 3506 1343 redeant
3546 1278 3620 1356 5,
3679 1280 3761 1343 ut
3816 1270 4041 1369 prius.

1431 1404 1641 1490 Item,
1691 1403 1753 1477 si
1786 1402 2074 1483 dubites
2117 1430 2212 1477 an
2253 1402 2346 1479 16
2379 1402 2615 1479 divisa
2654 1426 2785 1501 per
2818 1412 2867 1475 5
2898 1400 3303 1499 producant
3346 1406 3417 1487 3,
3472 1399 3724 1476 relicta
3766 1400 4044 1477 unitate

1434 1536 1764 1623 indivisa,
1803 1535 2282 1634 multiplicato
2323 1544 2374 1610 3
2415 1536 2496 1611 in
2538 1546 2611 1624 5,
2658 1559 2805 1608 non
2845 1535 3153 1608 redeunt
3190 1532 3304 1620 16,
3350 1532 3481 1606 sed
3516 1541 3607 1607 15
3638 1564 3661 1625 3
3716 1532 3880 1609 ideo
3920 1536 4043 1609 ad-

1429 1669 1668 1743 denda.
1699 1670 1838 1743 erit
1873 1667 2111 1742 unitas
2145 1668 2485 1756 examini,
2514 1677 2588 1742 et
2609 1666 2907 1765 partitio
2938 1675 3283 1763 arguetur
3312 1662 3593 1739 unitate
3621 1665 4041 1764 imperfecta

1429 1826 1604 1874 esse.

1227 2066 1362 2138 Est
1394 2076 1467 2138 et
1499 2076 1763 2161 praeter
1793 2064 1950 2138 haec
1983 2064 2183 2138 aliud
2217 2062 2629 2161 partitionis
2667 2086 2967 2136 examen
3010 2062 3089 2135 in
3132 2086 3231 2149 sc,
3276 2060 3623 2135 nimirum
3654 2062 4035 2158 partiendo

1125 2197 1584 2294 partiendum
1616 2220 1748 2293 per
1780 2205 2103 2291 quotum,
2142 2207 2223 2269 ut
2253 2194 2603 2293 pristinus
2634 2193 2806 2269 inde
2838 2194 3088 2269 redeat
3120 2192 3451 2292 partitor.

1525 2328 1632 2401 Ut
1671 2353 1806 2425 pro
1849 2328 2176 2401 examine
2221 2352 2317 2401 an
2365 2336 2457 2400 15
2500 2326 2771 2425 partita.
2810 2351 2942 2424 per
2983 2334 3031 2399 5
3077 2324 3480 2424 producant
3513 2331 3583 2411 3,
3628 2325 3901 2423 partire
3940 2335 4032 2401 15

1423 2486 1556 2558 per
1587 2466 1657 2546 8,
1697 2471 1769 2533 et
1802 2458 2144 2533 redibunt
2176 2469 2246 2545 5,
2285 2470 2367 2533 ut
2398 2458 2622 2557 prius.

1228 2726 1478 2801 Habes
1521 2726 1765 2821 itaque
1799 2750 1890 2798 ex
1922 2723 2164 2808 totiuS,
2212 2723 2463 2822 partia,
2510 2733 2585 2796 et
2615 2732 2895 2818 partem
2928 2718 3523 2819 cognominanda,
3560 2719 3841 2793 duabus
3876 2720 4033 2818 qui-

1055 2932 1062 2939 .
1123 2863 1542 2954 buscunque
1576 2857 1786 2943 datis,
1826 2856 2113 2931 tertiam
2145 2880 2276 2953 per
2305 2852 2979 2952 multiplicationem
3010 2862 3085 2927 et
3114 2847 3598 2949 partitionem.

2251 3226 2667 3311 CAPUT
2726 3225 2893 3310 ΙΙΙ.

1241 3465 1358 3524 DE
1402 3459 2256 3526 COMPUTATIONIBUS
2303 3463 2562 3524 ORTIS
2606 3463 2719 3522 EX
2761 3459 3039 3523 PRIMO
3087 3463 3383 3524 ORTIS:
3430 3459 3895 3523 RADICALIS

1898 3575 2602 3639 MULTIPLICATIO
2646 3574 2758 3635 ET
2801 3576 3247 3636 PARTITIO.

1219 3783 1645 3856 HACTENUS
1680 3793 1856 3856 ortae
1889 3808 1979 3857 ex
2011 3782 2186 3881 ipsis
2219 3783 2473 3882 primis
2503 3815 2526 3874 ;
2582 3793 2981 3880 sequuntur
3014 3793 3189 3857 ortae
3220 3807 3311 3856 ex
3340 3781 3577 3880 primo
3608 3781 3806 3855 ortis.

1213 4049 1420 4124 Ortae
1464 4073 1554 4120 ex
1597 4045 1834 4144 primo
1877 4047 2054 4121 ortis
2099 4059 2268 4122 sunt
2311 4047 2877 4146 computationes
2910 4071 3094 4143 quae,
3134 4071 3226 4120 ex
3256 4047 3584 4134 radicati,
3622 4045 3904 4133 indicis,
3944 4057 4016 4119 et

1109 4179 1396 4266 radiciS,
1433 4180 1715 4253 duabus
1749 4179 2297 4277 quibuscunque
2330 4180 2543 4266 datia,
2582 4179 2869 4254 tertiam
2900 4177 3301 4254 inveniunt.

1211 4311 1652 4385 Radicatum
1702 4321 1812 4384 est
1862 4312 2059 4408 quod
2107 4310 2483 4408 aliquoties
2532 4311 2882 4409 partitum
2912 4335 3043 4409 per
3075 4310 3555 4407 quantitatem
3586 4309 3905 4407 aliquam
3936 4309 4015 4383 in

1109 4442 1458 4516 unitatem
1516 4441 1756 4534 redit;
1829 4454 1901 4518 et
1954 4454 2215 4541 quotus
2273 4443 2396 4518 ille
2450 4441 2923 4543 partitionum
2980 4442 3199 4516 index
3254 4441 3577 4534 dicitur;
3650 4440 4013 4538 quantitas

1107 4586 1349 4648 autem
1379 4575 1697 4671 partiens
1732 4587 1840 4650 est
1869 4575 2030 4674 ipsa
2059 4574 2294 4650 radix.

1506 4707 1613 4780 Ut
1647 4731 1736 4781 ex
1767 4707 1883 4780 his
1917 4707 2150 4781 tribus
2193 4706 2543 4794 terminia,
2582 4713 2701 4794 32,
2740 4715 2811 4793 5,
2850 4717 2922 4778 et
2954 4712 3026 4793 2,
3074 4711 3173 4779 32
3205 4705 3551 4780 dicuntur
3580 4705 4005 4792 radicatum,

1403 4837 1577 4932 quia
1629 4862 1717 4911 ea
1767 4838 2040 4935 partita
2091 4838 2472 4935 quinquies
2524 4864 2657 4936 per
2706 4846 2755 4911 2
2804 4838 2883 4911 in
2934 4835 3282 4912 unitatem
3326 4837 3682 4928 redeunt3
3740 4837 4011 4912 scilicet
