4842 6219
1650 853 1787 921 DE
1837 852 2103 921 ARTE
2154 855 2728 926 LOGISTICA.
3569 854 3650 915 23

1770 1380 1779 1391 ·
1817 1358 2232 1445 CAPUT
2295 1360 2554 1444 VIII.

1002 1630 1123 1691 DE
1168 1628 2034 1693 COMPUTATIONIBUS
2078 1630 2752 1703 QUANTITATUM
2793 1628 3366 1689 FRACTARUM.

824 1870 1321 1943 Annrrlonns
1378 1880 1453 1944 et
1510 1871 2069 1947 substructiones
2128 1882 2299 1945 sunt
2354 1870 2790 1946 fractionum
2847 1872 3170 1969 ejusdem
3228 1867 3640 1943 denomina-

720 2000 961 2076 tionis.

824 2134 907 2209 Si
938 2134 1243 2211 diversae
1274 2146 1444 2210 sunt
1474 2136 2101 2223 denominationis,
2140 2137 2239 2211 ad
2268 2137 2576 2211 eandem
2605 2137 3068 2211 reducantur.

826 2268 1311 2343 Reducuntur
1377 2280 1641 2356 autem,
1708 2268 1997 2367 partitis
2062 2269 2440 2368 utriusque
2507 2267 3170 2345 denominatoribus
3234 2291 3368 2365 per
3433 2291 3644 2339 suum

720 2398 1121 2475 maximum
1168 2426 1621 2477 communem
1668 2401 2115 2499 portitorem,
2168 2401 2439 2475 notatis
2490 2400 2750 2499 quotis·

824 2534 1011 2608 Inde
1056 2534 1605 2632 multiplicando
1646 2546 1989 2633 utrosque
2034 2534 2377 2610 terminos
2421 2534 2686 2634 prioris
2738 2534 2819 2609 in
2873 2544 3176 2632 quotum
3225 2532 3642 2632 posterioris

720 2666 1305 2754 denominatoris,
1362 2679 1437 2741 et
1484 2668 1568 2741 fit
1614 2692 1805 2742 nova
1851 2666 2103 2766 prior3
2159 2681 2233 2741 et
2274 2678 2620 2765 utrosque
2663 2667 3008 2741 terminos
3051 2664 3468 2763 posterioris
3510 2690 3644 2763 per

721 2810 1023 2896 quotum
1054 2798 1317 2899 prioris
1357 2800 1943 2887 denominatoris,
1990 2811 2065 2875 et
2108 2800 2195 2875 fit
2236 2826 2426 2875 nova.
2463 2800 2820 2899 posterior
2861 2800 3186 2897 ejusdem
3228 2798 3640 2873 denomina-

720 2931 957 3007 tionis.

1119 3064 1229 3142 Ut
1262 3065 1413 3141 sint
1442 3066 1693 3142 fiaetae
1724 3070 1777 3168 ξ
1808 3076 1882 3141 et
1912 3067 1964 3167 3-
1996 3066 2095 3141 ad
2126 3066 2434 3140 eandem
2465 3064 3122 3141 denominationem
3153 3064 3635 3156 redueendae3

1012 3201 1645 3276 denominatorum
1686 3205 1735 3274 3
1780 3211 1855 3275 et
1904 3208 1954 3282 9
2000 3199 2397 3274 eommunis
2450 3199 2806 3274 maximus
2859 3198 3173 3298 partitor
3223 3210 3333 3273 est
3380 3205 3452 3286 8,
3508 3223 3642 3298 per

1020 3357 1183 3430 quae
1218 3331 1471 3406 divisis
1503 3331 2191 3418 denominatoribus,
2220 3330 2556 3406 oriuntur
2593 3339 2632 3404 l
2667 3356 2802 3429 pro
2831 3331 3096 3429 priore,
3127 3343 3200 3406 et
3231 3338 3280 3404 3
3315 3356 3449 3430 pro
3480 3355 3640 3428 pos-

1016 3465 1329 3557 teriore;
1385 3464 1671 3553 deinde,
1698 3463 2199 3562 multiplicatis
2222 3468 2296 3566 3,
2325 3476 2634 3561 utroque
2660 3464 2990 3551 termino,
3018 3490 3150 3562 per
3172 3462 3640 3561 posteriorem

1014 3608 1319 3695 quotum
1351 3604 1423 3684 3,
1461 3597 1798 3672 oriuntur
1828 3601 1881 3698 θ
1913 3623 2047 3697 pro
2078 3597 2321 3696 priore
2354 3602 2560 3671 nova.
2665 3595 2786 3672 Sie
2823 3596 3378 3696 multiplicando
3418 3598 3469 3697 ξ-
3508 3622 3639 3697 per

1014 3729 1369 3806 unitatem
1392 3729 1693 3828 (prioris
1718 3731 1993 3806 seiJioet
2018 3732 2379 3828 quotum),
2402 3729 2590 3804 fiunt
2612 3731 2664 3830 3-
2688 3730 3010 3828 ejusdem
3035 3729 3639 3806 denominationis

1010 3889 1177 3939 eum
1208 3867 1281 3964 8.

820 4130 1114 4205 Harum
1129 4131 1285 4229 jam
1308 4132 1629 4230 ejusdem
1656 4131 2281 4218 denominationis,
2312 4131 2677 4205 addantur
2701 4140 2774 4204 et
2799 4129 3358 4205 substrahantur
3388 4155 3633 4205 nume-

716 4275 993 4338 ratores
1034 4263 1228 4352 novi‚
1276 4275 1559 4340 retento
1600 4290 1788 4341 novo
1832 4277 1907 4340 et
1948 4263 2313 4340 communi
2363 4263 2925 4348 denominatore,
2983 4273 3059 4336 et
3097 4260 3396 4338 habebis
3428 4263 3630 4337 addi-

713 4394 929 4470 tionis
962 4405 1214 4484 totam,
1254 4407 1329 4472 et
1360 4397 1905 4473 substractionis
1936 4397 2322 4472 residuam.

1114 4529 1223 4606 Ut
1278 4531 1647 4629 superiore
1691 4531 2017 4628 exemplo
2061 4530 2425 4604 addantur
2463 4529 2636 4603 novi
2675 4537 3168 4602 numeratores
3213 4525 3261 4601 6
3289 4539 3380 4602 ,et
3427 4538 3499 4616 7,
3557 4541 3632 4604 et

1009 4663 1348 4739 oriuntur
1389 4672 1505 4752 13,
1554 4691 1740 4762 quae,
1778 4689 1945 4738 cum
1975 4662 2518 4737 denominatore
2551 4659 2917 4736 communi
2949 4668 3019 4746 9,
3056 4659 3334 4735 faciunt
3365 4661 3460 4778 L?
3496 4687 3630 4760 pro

1010 4795 1405 4871 additionis
1440 4801 1610 4871 tota..
1682 4796 1805 4874 Sic
1838 4794 1901 4870 si
1934 4795 2409 4872 substraxeris
2442 4798 2495 4895 θ
2526 4820 2620 4868 ex
2648 4796 2722 4895 ᾖ,
2759 4792 3162 4869 remanebit
3193 4793 3244 4892 ᾖ
3277 4794 3630 4868 substrac-

1002 4927 1221 5002 tionis
1262 4926 1575 5003 residua.
