4842 6219
1169 887 1252 948 80
2097 877 2232 944 DE
2281 879 2549 946 ARTE
2598 875 3169 944 LOGISTICA.

1474 1098 1813 1184 denariiS‚
1863 1099 1924 1171 si
1959 1097 2470 1174 substrahendi
2502 1097 2649 1172 sint
2680 1105 2731 1181 9
2765 1097 3067 1184 denarii,
3105 1096 3233 1194 qui
3266 1095 3627 1170 excedunt
3658 1103 3709 1168 4
3742 1095 4100 1182 denariae,

1473 1243 1548 1306 et
1580 1231 1744 1306 ideo
1778 1241 1828 1306 4
1861 1231 2181 1306 denariis
2214 1229 2705 1329 praestandum
2740 1241 2850 1304 est
2882 1256 3109 1305 unum
3142 1228 3477 1315 solidum,
3514 1253 3644 1304 seu
3677 1237 3771 1302 12
3794 1229 4101 1315 denarii,

1473 1376 1554 1439 ut
1610 1366 1790 1439 fiant
1848 1364 2020 1439 inde
2083 1363 2176 1438 16
2229 1363 2533 1450 denarii,
2600 1365 2641 1438 ὲ
2694 1363 2959 1461 quibus
3010 1365 3165 1461 jam
3226 1361 3599 1438 subductis
3656 1370 3705 1444 9
3760 1362 4099 1448 denariiS,

1467 1511 1862 1585 remanent,
1929 1508 2008 1572 ut
2069 1522 2307 1595 supra,
2369 1509 2420 1586 7
2473 1495 2755 1572 denarii
2813 1495 3122 1593 quaesiti.
3230 1495 3373 1582 Sic,
3432 1495 3495 1569 si
3546 1497 3585 1568 ὲ
3636 1495 3871 1594 gradu
3924 1509 3999 1568 et
4052 1503 4103 1569 3

1471 1631 1826 1730 scrupulis
1867 1632 2122 1730 primis
2167 1631 2439 1705 fuerint
2488 1639 2577 1704 15
2628 1631 2969 1728 scrupula
3006 1629 3247 1728 prima
3284 1629 3837 1716 substrahenda,
3892 1631 4102 1704 redu-

1467 1769 1700 1842 cenda
1743 1781 1914 1841 sunt
1961 1793 2148 1840 unus
2193 1767 2465 1864 gradus
2507 1777 2579 1840 et
2620 1765 2765 1839 tria
2803 1764 3145 1862 scrupula
3186 1764 3283 1838 ad
3326 1763 3423 1838 63
3466 1764 3809 1862 scrupula
3838 1763 4096 1862 prima,

1470 1914 1548 1974 ut
1602 1900 1774 1976 inde
1833 1911 1921 1974 15
1975 1899 2246 1974 auferri
2299 1898 2597 1997 possint,
2658 1909 2731 1974 et
2783 1891 3262 1974 remimebunt
3307 1904 3404 1972 48
3450 1897 3792 1996 scrupula
3840 1898 4098 1995 prima„

1472 2035 1704 2110 Haud
1753 2060 1956 2108 secus
2007 2059 2094 2106 ac
2143 2033 2222 2106 in
2267 2032 2689 2131 vulgaribus
2738 2031 3042 2130 integris
3092 2045 3167 2105 et
3216 2031 3485 2119 fractiS,
3542 2031 3783 2106 unitas
3834 2057 4098 2130 praece-

1465 2167 1702 2244 dentis
1737 2169 1880 2242 loci
1911 2167 2328 2265 praestanda
2359 2179 2469 2241 est
2501 2167 2832 2264 sequenti
2866 2165 3023 2239 loco
3058 2165 3154 2240 ad
3180 2166 3541 2240 defectum
3574 2168 3731 2264 ejus
3762 2167 4099 2264 supplen-

1463 2302 1658 2376 dum.
1765 2301 1874 2376 Ut
1922 2299 1985 2373 si
2031 2301 2071 2374 ὲ
2117 2299 2318 2374 mille
2365 2311 2769 2374 trecentum
2810 2299 3232 2374 auferantur
3266 2298 3587 2397 quinque
3621 2309 3946 2386 centena,
3986 2312 4100 2374 ter

1465 2433 1786 2508 centenis
1817 2433 2316 2531 praestandum
2349 2444 2461 2507 est
2495 2459 2722 2507 unum
2754 2431 3263 2519 millenarium,
3311 2444 3393 2506 ut
3430 2431 3605 2506 hinc
3644 2434 3827 2507 fiant
3860 2435 4093 2508 trede-

1461 2567 1604 2641 cim
1638 2577 1962 2652 centenffi
2003 2567 2043 2640 ὲ
2080 2564 2344 2662 quibus
2369 2567 2528 2664 jam
2560 2567 2765 2640 aufer
2799 2565 3121 2664 quinque
3156 2577 3480 2652 centena,
3510 2578 3897 2664 supersunt
3930 2581 4093 2678 octo

1461 2708 1786 2783 centena,
1841 2708 1920 2770 ut
1967 2722 2207 2795 supra„
2313 2696 2455 2784 Sic,
2506 2722 2597 2771 ex
2643 2724 2788 2772 uno
2832 2709 2907 2771 et
2947 2709 3259 2794 quatuor
3300 2697 3635 2796 septeniS,
3680 2698 4091 2773 auferendae

1462 2843 1632 2906 sunt
1681 2856 1806 2906 sex
1857 2843 2170 2930 septenae
2201 2861 2222 2922 ;
2291 2843 2371 2906 ut
2417 2829 2555 2906 hoc
2598 2832 2747 2918 fiat,
2804 2831 3219 2905 reducenda
3260 2843 3371 2905 est
3416 2831 3653 2906 unitas
3694 2832 3773 2906 in
3814 2844 4089 2930 septem

1461 2977 1812 3063 septenas,
1853 2990 2016 3061 quae
2048 2964 2481 3062 praestandae
2514 2975 2685 3038 sunt
2716 2975 3027 3061 quatuor
3058 2963 3394 3060 septenis,
3435 2975 3517 3037 ut
3548 2964 3727 3038 fiant
3750 2966 4090 3039 undecim

1457 3114 1806 3199 septenae3
1848 3101 1886 3174 ὲ
1913 3099 2178 3197 quibus
2203 3126 2330 3174 sex
2355 3099 2669 3197 septenis
2690 3097 2969 3185 ablatis,
2996 3109 3373 3172 remanent
3398 3097 3719 3196 quinque
3746 3109 4083 3196 septenae,

1459 3246 1540 3309 ut
1573 3260 1812 3334 supra.
1903 3234 2132 3308 Vides
2167 3233 2414 3331 itaque
2448 3258 2901 3307 communem
2932 3232 3191 3306 horum
3228 3231 3549 3307 omnium
3582 3244 4033 3307 concentum.

1259 3502 1393 3575 Est
1436 3502 1630 3577 enim
1676 3500 2022 3588 omnium,
2073 3514 2222 3576 tam
2255 3503 2653 3577 fractorum
2686 3503 2903 3598 quem
2934 3501 3405 3601 integrorum,
3448 3526 3585 3602 par
3624 3501 3815 3577 ratio
3858 3513 3933 3576 et
3978 3527 4087 3575 re-

1156 3646 1438 3733 spectus
1472 3636 1569 3710 ad
1600 3661 1768 3709 suas
1801 3634 2442 3722 denominatione8‚
2478 3648 2630 3710 tam
2662 3637 3117 3712 ascendendo
3150 3639 3367 3733 quem
3399 3637 3919 3712 descendendo

1555 3770 1664 3846 Ut
1707 3768 2157 3867 integrorum
2205 3768 2569 3843 unitatum
2609 3770 2708 3843 ad
2745 3794 2911 3844 suas
2950 3770 3197 3858 denaS,
3243 3782 3603 3858 centenas,
3640 3782 3717 3845 et
3747 3770 4083 3844 millenas

1454 3901 1913 4002 superiores3
1970 3913 2044 3975 et
2087 3904 2182 3975 ad
2225 3927 2390 3975 suas
2440 3902 2779 3991 decimas,
2828 3905 3275 3993 centesimas,
3324 3917 3397 3979 et
3436 3903 3853 3979 millesimus
3902 3905 4083 3979 infe-

1453 4038 1700 4113 riores.
1805 4037 1946 4125 Sic,
2021 4036 2525 4135 scrupulorum
2591 4036 2991 4134 primorum
3058 4038 3155 4112 ad
3220 4064 3386 4113 suos
3454 4064 3843 4137 sexagenos
3912 4039 4085 4135 (qui

1449 4172 1722 4272 gradus
1756 4174 1984 4269 sunt),
2035 4181 2108 4246 et
2154 4196 2547 4269 sexagenos
2592 4169 2863 4269 gradus
2907 4170 3076 4269 (qui
3122 4172 3273 4246 duo
3310 4170 3525 4272 signa
3562 4174 3791 4269 sunt),
3835 4197 4081 4245 ascen-

1449 4307 1738 4398 dendo;
1801 4317 1877 4380 et
1926 4306 2024 4379 ad
2073 4331 2239 4380 suas
2291 4304 2771 4403 sexagesimus
2818 4316 3062 4404 partes
3120 4307 3323 4403 (quae
3372 4306 3715 4403 scrupula
3762 4308 4083 4380 secunda

1449 4443 1680 4538 sunt),
1709 4450 1784 4514 et
1809 4440 2314 4538 scrupulorum
2341 4439 2820 4514 secundorum
2846 4439 3324 4539 sexagesimus
3348 4439 3851 4515 descendendo
3874 4440 4078 4536 (quae

1313 4656 1318 4663 ‚
1449 4573 1792 4671 scrupula
1822 4572 2042 4648 tertia
2072 4577 2298 4672 sunt).
2406 4573 2619 4661 Item,
2672 4572 2885 4648 solidi
2916 4573 3013 4648 ad
3046 4598 3181 4649 sua
3210 4572 3591 4674 vigecupla
3622 4572 4078 4649 ascendendo

1448 4709 1652 4807 (quae
1689 4706 1898 4782 librae
1939 4707 2346 4804 dicuntur),
2393 4717 2468 4781 et
2500 4706 2597 4781 ad
2630 4732 2794 4781 suas
2829 4706 3291 4782 duodecimas
3330 4707 3831 4781 descendendo
3872 4708 4075 4803 (quae

1309 4842 1312 4847 ’
1441 4839 1726 4915 denarii
1749 4839 2150 4938 dicuntur).
2225 4840 2370 4914 Par
2393 4850 2505 4915 est
2528 4850 2915 4938 respectus,
2952 4850 3026 4915 et
3058 4840 3617 4938 computationis
3650 4838 4071 4925 similitudo,
4120 4908 4135 4923 ,

1425 4973 1520 5047 -in
1555 4973 1908 5048 omnibus,
