4842 6219
1690 892 1826 957 DE
1877 891 2146 959 ARTE
2193 888 2767 957 LOGISTICA.
3606 900 3682 959 21

771 1111 1063 1210 majoris
1113 1135 1245 1211 per
1281 1110 1658 1199 minorem,
1711 1121 1788 1186 et
1823 1110 2089 1187 fractas
2131 1109 2573 1210 quantitates
2618 1108 2897 1184 unitate
2934 1108 3269 1198 minores,
3322 1137 3413 1187 ex
3460 1116 3680 1211 parti-

773 1244 964 1320 tione
1011 1243 1312 1320 minoris
1357 1269 1493 1344 per
1537 1244 1904 1343 majorem,
1958 1254 2202 1320 ortum
2249 1268 2463 1318 suum
2511 1242 2775 1318 ducere
2825 1243 3155 1341 superius
3202 1242 3281 1317 in
3332 1214 3681 1321 divisione

771 1377 1232 1453 ostendimuS.

1168 1511 1276 1585 Ut
1317 1508 1567 1585 divisis
1611 1518 1661 1594 9
1701 1536 1836 1609 per
1875 1518 1926 1585 2
1967 1511 2470 1608 producuntur
2510 1509 2633 1607 ἢ,
2690 1534 2839 1596 seu,
2892 1508 2958 1582 si
3000 1510 3247 1597 maviS,
3300 1512 3355 1610 3-
3398 1510 3674 1585 unitate

1062 1644 1392 1741 majores.
1471 1643 1664 1719 Item
1685 1642 1934 1719 divisis
1957 1650 2008 1717 3
2030 1666 2164 1740 per
2195 1651 2246 1717 5
2279 1640 2615 1716 oriuntur
2634 1642 2709 1743 ξ,
2740 1652 2822 1717 ut
2852 1641 2931 1715 in
2965 1641 3317 1717 divisione
3342 1643 3673 1741 superius

1065 1774 1527 1851 ostendimus.

865 2039 1082 2116 Unde
1113 2040 1344 2117 omnis
1376 2052 1792 2117 numerator
1823 2042 2054 2119 vicem
2083 2044 2275 2143 gerit
2303 2042 2729 2142 quantitatis
2750 2042 3202 2140 partiendae3
3256 2044 3669 2120 denomina-

766 2183 878 2247 tor
909 2175 1100 2261 vero,
1137 2174 1563 2272 quantitatis
1596 2174 1975 2275 partientis
2009 2202 2190 2253 eam.

1161 2306 1272 2383 Ut
1317 2308 1684 2409 superiore
1727 2310 2054 2408 exemplo
2111 2313 2224 2427 {Ag-⁶⁶
2269 2310 2467 2386 idem
2516 2309 2925 2409 significant
2973 2312 3173 2410 quod
3218 2320 3269 2387 3
3290 2313 3385 2387 ab
3436 2312 3671 2389 divisa

1055 2464 1188 2539 per
1225 2448 1276 2515 2
1301 2442 1436 2533 1³03
1491 2440 1598 2515 sic
1641 2444 1736 2558 ᾗῇ
1780 2442 1976 2517 idem
2017 2443 2258 2519 valent
2299 2444 2497 2541 quod
2536 2450 2587 2518 8
2610 2470 2661 2519 a
2700 2442 2937 2519 divisa.
2973 2469 3108 2544 per
3148 2452 3199 2519 2
3220 2471 3291 2533 a,
3338 2471 3469 2521 seu
3508 2447 3666 2521 bre-

1059 2572 1239 2661 viuS,
1285 2580 1336 2649 8
1373 2574 1612 2649 divisa.
1637 2599 1771 2673 per
1803 2582 1904 2667 23
1967 2576 2118 2651 sive
2167 2578 2464 2652 tandem
2514 2576 2711 2653 idem
2751 2576 2943 2653 valet
2992 2579 3188 2675 quod
3236 2589 3383 2653 tres
3427 2590 3667 2678 partes

1061 2706 1358 2781 unitatis
1391 2706 1640 2781 divisae
1669 2706 1750 2781 in
1782 2708 1964 2783 duas
1992 2739 2016 2801 3
2069 2707 2176 2783 sic
2205 2711 2256 2809 ξ
2289 2721 2462 2784 sunt
2504 2720 2651 2785 tres
2694 2720 2975 2808 quartae
3014 2710 3335 2798 unitatiS,
3373 2711 3489 2786 vel
3521 2722 3665 2787 tres

1053 2841 1342 2939 partitae
1369 2865 1504 2940 per
1535 2850 1866 2937 quatuor,
1903 2841 2101 2939 quod
2129 2840 2328 2915 idem
2359 2852 2491 2917 est.

860 3107 1112 3206 Atque
1143 3104 1376 3182 omnis
1407 3106 1796 3207 quantitas,
1829 3119 2362 3184 numeratorem
2403 3117 2479 3183 et
2519 3106 3137 3182 denominatorem
3174 3107 3473 3195 habens,
3528 3135 3661 3208 pro

758 3241 988 3318 fracta.
1015 3240 1346 3329 habetur,
1381 3251 1458 3316 et
1489 3251 1572 3315 ut
1601 3239 1859 3316 finctio
1891 3251 2368 3339 computatur.

859 3375 1062 3450 Hinc
1107 3374 1500 3473 prudenter
1553 3373 1904 3449 unitatem
1951 3399 2086 3472 pro
2135 3373 2675 3449 denominatore
2722 3373 3025 3472 integris
3074 3373 3518 3473 subjicimus,
3580 3390 3662 3450 ut

755 3506 1058 3606 integrae
1089 3532 1258 3582 cum
1287 3506 1557 3593 fractis,
1595 3505 1805 3604 quasi
1835 3505 2105 3593 fractae,
2144 3516 2668 3604 computentur.

853 3639 1170 3716 Facilius
1213 3650 1456 3715 autem
1497 3650 2007 3738 computantur
2047 3639 2318 3729 fiaetae,
2375 3639 2441 3714 si
2480 3665 2731 3716 earum
2772 3641 3065 3716 termini
3114 3641 3654 3730 contrahantur,

753 3785 826 3850 et
856 3774 1384 3861 abbrevientur,
1421 3772 1846 3873 priusquam
1875 3773 2070 3848 inter
2100 3775 2547 3875 operandum
2578 3775 3042 3850 accreverint.

854 3907 1418 3995 Abbreviantur,
1444 3916 1709 3993 autem,
1725 3918 1798 3982 et
1817 3906 2363 3995 contrahuntur,
2386 3907 2769 4006 partiendo
2802 3907 3145 3983 terminos
3178 3917 3495 3982 acci-etos
3524 3932 3657 4005 per

753 4065 963 4115 suum
991 4039 1388 4116 maximum
1419 4065 1872 4115 communem
1902 4039 2310 4115 divisorem.

849 4173 988 4248 Est
1029 4184 1274 4248 autem
1311 4173 1670 4248 maximus
1713 4172 2112 4248 communis
2154 4172 2447 4260 divisor,
2503 4198 2649 4271 quo
2688 4175 2921 4271 major
2960 4171 3124 4248 dari
3151 4182 3465 4268 nequeat
3492 4196 3651 4271 per-

750 4304 932 4380 fecte
963 4305 1294 4381 dividens
1325 4317 1712 4405 utrumque
1743 4305 2156 4381 terminum.

849 4570 1004 4646 Hic
1043 4570 1374 4659 habetur,
1417 4571 1802 4670 partiendo
1841 4569 2226 4646 terminum
2273 4571 2619 4668 majorem
2668 4594 2801 4669 per
2848 4569 3221 4657 minorem,
3274 4569 3532 4668 primo,
3576 4579 3650 4643 et

747 4701 1010 4778 deinde
1061 4727 1342 4802 semper
1391 4703 1773 4803 partiendo
1823 4701 2348 4802 praecedentem
2396 4701 2821 4800 partitorem
2869 4727 3003 4802 per
3054 4727 3221 4779 suas
3274 4701 3643 4800 reliquias,

743 4832 972 4909 donec
1019 4837 1314 4912 tandem
1357 4835 1550 4910 nihil
1595 4835 2068 4928 remanserit3
2121 4846 2198 4910 et
2235 4834 2531 4910 ultimus
2572 4834 2697 4912 ille
2738 4835 3009 4912 divisor
3040 4835 3337 4936 (spretis
3368 4835 3646 4936 quotis)

741 4977 850 5040 est
877 4967 1238 5044 maximus
1269 4969 1670 5044 communis
1699 4969 2009 5068 partitor
2039 4966 2402 5067 quaesitus.
